1967 3147
315 114 369 156 48
952 115 1189 148 APPENDIX

319 220 486 255 Schmidt
507 221 511 265 Ι
535 219 774 266 σφαγήσεται]
795 221 1017 264 σφαλήσεται
1035 220 1213 263 Badham,
1235 217 1389 263 ἱμείρετο
1411 219 1498 254 olim
1511 220 1787 255 Rauchenstein

319 277 385 307 589
412 272 582 308 κάλλιστά
607 273 678 318 τοι]
706 272 820 312 ἄλλως
845 285 881 307 τε
908 273 970 307 καὶ
995 272 1141 316 Reiske,
1169 272 1322 316 μάλιστά
1347 286 1403 307 τοι
1429 273 1561 307 Nauck

412 336 478 366 592
511 332 573 366 καὶ
611 329 854 377 παρθενείας]
889 331 1018 375 ἔνερθε
1049 329 1158 376 γαίας
1188 331 1320 365 Nauck
1440 336 1507 366 594
1539 332 1574 366 οἱ
1605 330 1829 376 ταλαίπωροι

318 383 444 430 βροτοί
480 384 628 427 Nauck,
668 383 702 418 οἱ
739 384 969 428 θανούμενοι
1010 382 1093 429 βίου
1130 383 1289 418 Holzner
1420 388 1486 419 596
1518 391 1642 420 κακῶν
1681 384 1830 428 ἄριστον

317 437 355 471 F.
377 436 443 471 Gru.
466 436 633 471 Schmidt
729 440 795 470 597
824 435 1018 481 εὐψυχίαις
1043 436 1177 471 Reiske

413 500 477 530 601
511 494 533 538 ἢ
572 495 637 529 σὸν
674 496 821 529 Barnes.
873 495 1028 528 Versum
1066 495 1166 529 delet
1198 494 1358 529 Schenkl
1487 499 1553 530 608
1586 494 1830 542 βαρυπότμων

318 549 523 593 Musgrave,
550 546 786 593 βαρύποτμόν
812 546 846 592 γ’
877 547 1011 592 Heath,
1038 546 1273 593 βαρύστοτμόν
1299 547 1331 582 τ’
1362 548 1534 593 Hartung

412 611 479 640 610
511 605 642 652 δόμον]
678 605 761 640 ποτ’
798 606 837 640 ἐν
864 605 899 640 C.
921 606 1064 640 Busche
1160 610 1228 641 610
1243 619 1294 650 sq.
1329 605 1466 650 δρόμον
1498 605 1665 652 εὐτυχίας
1695 607 1732 641 F.
1761 606 1828 642 GU.

318 659 485 694 Schmidt
605 664 670 693 611
705 659 814 694 ἄλλον
848 659 961 693 κᾶλλα
992 659 1127 693 Reiske
1248 663 1313 693 613
1348 658 1406 703 ἐφ’
1444 660 1594 704 ὑψηλῶν
1625 660 1794 693 Brodeau
1823 661 1825 705 Ι

317 713 457 757 βραχὺν
489 712 626 746 ὤκλασε
659 712 773 756 Paley
895 716 961 745 614
993 711 1058 746 τὸν
1090 711 1130 746 δὲ
1162 711 1277 757 λιτῆρ’
1307 713 1463 757 Burges,
1502 712 1566 747 τὸν
1599 711 1638 746 δὲ
1670 710 1825 756 πλάνητ’

317 765 476 809 Boeckh,
497 765 561 799 τὸν
582 764 622 799 δὲ
638 763 764 809 πένητ’
783 765 955 808 Elmsley,
976 764 1040 799 τὸν
1061 764 1096 798 δ’
1113 765 1235 800 αλαῶν
1248 765 1441 809 Matthiae,
1463 765 1527 800 τὸν
1542 763 1577 799 δ’
1596 763 1725 799 ἀλίταν
1738 765 1829 798 Her-

316 830 438 862 mann,
464 819 529 853 τὸν
555 817 590 852 δ’
609 816 787 863 ἀνάγουσ’
806 818 970 862 Camper,
997 818 1061 852 τὸν
1082 816 1117 852 δ’
1141 817 1264 852 ἱκέταν
1285 817 1320 852 C.
1337 817 1512 861 Schmidt,
1540 818 1603 852 τὸν
1624 817 1658 852 δ’
1677 817 1827 862 ἀνάγων

317 871 460 916 Pflugk,
485 872 550 906 τὸν
576 869 702 915 μέλεον
723 869 758 905 δ’
782 870 906 914 Paley,
934 871 998 904 τὸν
1019 869 1059 904 δὲ
1079 868 1254 904 πονοῦντ’
1278 870 1436 904 Holzner
1457 872 1461 915 l
1483 871 1547 905 τὸν
1567 869 1602 904 δ’
1628 868 1829 913 εὐδαίμονα

317 925 435 969 τεύχει
462 923 600 958 ἀλάταν
627 923 770 958 Seidler
861 927 927 957 618
954 922 1068 956 πολλὰ
1095 923 1136 956 σὺ
1159 951 1165 956 .
1188 925 1316 957 ,θεῶν
1342 921 1423 966 πέρι
1449 923 1588 968 Burges
1611 924 1616 966 l
1637 921 1829 966 προπίτνει

316 975 471 1011 παθέων
502 975 574 1010 Δὕπο
608 976 779 1020 Camper,
818 982 1023 1019 προπιτνῶ,
1062 975 1107 1009 τὰ
1138 978 1238 1010 θεῶν
1270 974 1341 1010 ὕπο
1374 976 1578 1019 Hermann,
1616 974 1829 1019 προσπίτνει

318 1028 448 1072 (eiecto
494 1029 553 1073 μὴ)
592 1028 637 1062 τὰ
675 1032 777 1063 θεῶν
814 1027 885 1062 ὕπο
924 1029 961 1063 F.
995 1027 1170 1062 Heinisch
1211 1030 1215 1073 1
1255 1028 1438 1072 προπετὴς
1473 1029 1645 1072 Hartung
1682 1030 1686 1072 Ι
1725 1026 1829 1073 φέρε]

317 1081 407 1127 ψέγε
432 1082 558 1116 Naber

412 1145 476 1175 621
512 1139 633 1187 μέρος]
674 1139 782 1186 γέρας
813 1141 952 1185 Burges
1074 1144 1140 1174 629
1168 1138 1296 1186 (σέβεις
1335 1141 1377 1174 σύ
1409 1153 1447 1185 γε
1478 1143 1630 1175 θνατῶν
1663 1139 1831 1185 ἀγαθούς

317 1194 475 1239 Dobree)
571 1194 661 1228 Post
687 1198 753 1227 629
788 1193 906 1227 multa
941 1194 1066 1227 deesse
1091 1194 1200 1237 putat
1224 1193 1423 1228 Kirchhoff.
1473 1192 1707 1227 Intercidisse
1733 1192 1831 1226 enim

317 1247 439 1281 nuntii
473 1247 546 1281 sive
572 1246 840 1291 Demophontis
869 1246 913 1280 de
938 1248 1055 1280 morte
1081 1245 1267 1280 Macariae
1294 1246 1544 1280 narra-tionem
1570 1248 1606 1280 et
1631 1245 1829 1279 Alcmenae

317 1300 446 1334 matris
471 1299 758 1334 lamentationes
785 1311 867 1333 cum
895 1298 996 1333 chori
1023 1298 1166 1333 cantico
1192 1299 1346 1344 integro.
1385 1299 1540 1333 Novisse
1567 1299 1662 1332 hanc
1681 1298 1828 1332 fabulae
1858 1318 1861 1320 -

316 1355 460 1397 partem
487 1355 673 1388 auctorem
701 1352 910 1397 argumenti
937 1352 1121 1386 dicentem
1143 1352 1279 1396 ταύτην
1300 1350 1364 1395 μἐν
1385 1352 1539 1396 εὐγενῶς
1558 1351 1830 1385 ἀποθανοῦσαν

317 1404 506 1450 ἐτίμησαν
547 1406 652 1440 αὐτοὶ
691 1405 731 1440 δὲ
769 1405 839 1440 κτὲ.
890 1405 959 1440 Cfr,
994 1404 1105 1439 schol.
1140 1404 1326 1448 Aristoph.
1359 1404 1450 1448 Equ.
1481 1408 1567 1438 1151
1603 1403 1829 1447 κατέσφαξεν

318 1458 452 1502 ἑαυτήν
478 1459 512 1503 (ἡ
534 1457 740 1502 ΙὶῚακαρία),
768 1459 814 1498 ὡς
840 1458 879 1492 ἐν
901 1456 1158 1501 “Ηρακλείδαις
1179 1455 1393 1501 Εὐριπίδης.
1431 1458 1620 1491 Lacunam
1645 1456 1690 1490 de
1712 1458 1829 1490 morte

317 1511 505 1546 Macariae
531 1512 606 1546 iam
631 1511 818 1545 Hermann
845 1510 994 1554 statuit,
1021 1512 1221 1544 extremam
1247 1512 1373 1544 tamen
1398 1510 1547 1544 fabulae
1573 1511 1718 1554 partem
1744 1511 1829 1542 ante

320 1568 408 1598 1053
435 1565 561 1598 deesse
586 1563 744 1609 putavit.
784 1563 828 1597 Ei
854 1563 1008 1597 lacunae
1034 1562 1166 1597 tribuit
1191 1563 1290 1597 idem
1316 1574 1411 1606 quae
1437 1574 1481 1597 ex
1505 1561 1692 1606 Euripidis
1716 1561 1829 1595 Hera—

318 1616 423 1651 clidis
465 1617 570 1651 affert
609 1617 709 1651 Stob.
736 1616 810 1651 flor.
842 1620 900 1659 79,
923 1622 942 1649 2
976 1616 1057 1659 (frg.
1085 1620 1151 1649 852
1174 1615 1233 1660 N.)
1273 1615 1369 1656 ’ὅστις
1400 1615 1440 1650 δὲ
1472 1616 1556 1654 τοὺς
1587 1613 1760 1653 τεκόντας
1790 1613 1830 1648 ἐν

317 1669 383 1716 βίῳ
410 1669 522 1716 σέβει,
557 1672 560 1715 Ι
593 1669 650 1704 ὅδ’
683 1669 755 1704 ἐστὶ
787 1670 849 1703 καὶ
877 1671 944 1710 ζῶν
970 1669 1031 1703 καὶ
1059 1668 1190 1703 θανὼν
1215 1671 1320 1708 θεοῖς
1346 1667 1460 1712 φίλος,
1512 1668 1581 1702 cfr.
1608 1666 1733 1711 Eurip.
1759 1666 1827 1712 frg.

318 1726 384 1757 853
405 1723 448 1757 N.
483 1722 596 1767 (Stob.
624 1723 700 1757 fior.
723 1727 760 1766 1,
782 1724 833 1767 S),
872 1724 1065 1766 praeterea-
1101 1721 1168 1766 frg.
1198 1726 1264 1756 949
1304 1723 1364 1755 καὶ
1404 1728 1480 1761 τοῖς
1516 1726 1682 1755 τεκοῦσιν
1721 1718 1830 1760 ἀξίαν

317 1775 425 1820 τιμὴν
451 1775 573 1820 νέμειν
601 1776 699 1820 apud
726 1775 827 1809 Stob.
855 1775 943 1819 (flor,
974 1778 1027 1817 79,
1049 1776 1083 1818 3)
1113 1786 1195 1808 cum
1220 1774 1404 1808 Heraclid.
1432 1778 1497 1807 297
1515 1786 1566 1817 sq.
1594 1773 1830 1807 coniunctum

319 1830 355 1862 et
379 1832 444 1862 851
473 1828 599 1873 (schol.
628 1828 675 1861 ad
694 1827 880 1872 Aristoph.
902 1827 992 1870 Equ.
1015 1832 1081 1860 214
1107 1826 1260 1869 τάραττε
1287 1828 1348 1860 καὶ
1375 1825 1519 1871 χόρδευ’
1552 1826 1641 1870 ὁμοῦ
1666 1826 1710 1860 τὰ
1737 1825 1829 1868 πρά-

318 1895 453 1926 γμιαταε
492 1880 685 1926 παρῴδησε
725 1880 794 1925 γὰρ
831 1880 896 1914 τὸν
934 1880 1068 1925 ἴαμβον
1107 1879 1142 1920 ἐξ
1176 1878 1424 1922 Ἡρακλειδῶν
1463 1878 1694 1923 Εὐριπίδου).
1749 1878 1830 1912 Huc

319 1934 431 1968 refert
456 1933 587 1968 Nauck
620 1933 733 1967 etiam
763 1933 830 1978 frg.
859 1937 927 1966 8:34
960 1932 1057 1977 apud
1085 1932 1184 1966 Stob.
1213 1936 1249 1975 7,
1271 1937 1290 1966 9
1318 1944 1399 1965 cum
1426 1932 1597 1966 lemmate
1626 1929 1831 1974 Εὐριπίδης

312 1985 487 2030 εΗρακλεῖ
517 1987 688 2021 allatum:
729 1986 769 2020 τὸ
802 1984 866 2029 μὲν
899 1991 1087 2030 σφαγῆναι
1120 1984 1262 2027 δεινόν,
1295 1985 1460 2019 εὔκλειαν
1487 1983 1523 2018 δ’
1554 1984 1640 2029 ἔχει·
1676 1985 1680 2029 Ι
1714 1984 1753 2018 τὸ
1781 1983 1827 2027 μὴ

318 2042 454 2074 θανεῖν
479 2039 518 2074 δὲ
539 2038 671 2083 δειλόν,
697 2038 837 2083 ἡδονὴν
858 2037 893 2072 δ’
912 2037 984 2083 ἔχει
1003 2037 1138 2072 lemma
1160 2036 1364 2082 Εὐριπίδης
1379 2035 1635 2080 Ἡρακλείδαις
1655 2036 1827 2070 scribens.

319 2092 388 2127 Cfr.
428 2092 591 2127 Vonhoff
631 2093 676 2126 (le
720 2091 863 2126 lacunis
909 2102 1004 2134 quae
1043 2092 1190 2124 exstant
1227 2090 1264 2123 in
1302 2090 1385 2124 Eur.
1424 2089 1641 2124 Heraclidis.
1703 2090 1828 2134 Progr.

319 2145 482 2180 Cottbus.
524 2149 623 2180 1872.
674 2145 937 2189 Fragmentum
965 2147 1031 2177 853
1070 2155 1141 2178 non
1180 2143 1404 2187 Heraclidis,
1443 2143 1507 2176 secl
1544 2142 1726 2186 Antiopae
1764 2141 1830 2176 tri-

317 2199 505 2233 buendum
532 2209 609 2232 esse
634 2197 789 2232 videtur.
840 2197 934 2230 Vide
961 2199 1073 2231 etlam
1099 2196 1195 2230 infra
1222 2197 1269 2230 ad
1295 2209 1324 2231 v.
1353 2200 1419 2230 819
1447 2198 1483 2230 et
1510 2196 1654 2230 Blatter
1678 2195 1736 2228 fiir
1762 2195 1828 2228 das

318 2251 420 2295 bayr.
449 2250 893 2296 Gymnasialschulwesen
918 2249 1018 2283 XXH
1043 2261 1077 2293 p.
1101 2254 1141 2283 19
1159 2262 1236 2293 sqq.

414 2309 476 2339 631
512 2303 621 2338 τῶνδ’
658 2303 766 2347 ἕδρας
799 2303 963 2347 Scaliger
1083 2306 1148 2336 632
1182 2301 1242 2336 οῗα
1274 2300 1309 2347 γ’
1346 2302 1367 2346 ἡ
1390 2300 1445 2335 ’π’
1477 2301 1563 2345 ἐμοῦ
1589 2299 1782 2335 Blomfield

320 2361 387 2392 633
414 2358 547 2403 κεῖσαι]
574 2357 656 2391 fort
683 2359 814 2396 θακεῑς
848 2358 852 2400 1
888 2361 1041 2400 κατῆρες
1066 2355 1260 2399 Musgrave
1365 2359 1431 2388 034
1458 2350 1564 2400 ἦλθ’]
1590 2349 1637 2397 ἦν
1661 2353 1792 2387 Nauck
1821 2353 1825 2399 Ι

321 2410 433 2445 etiam
459 2409 678 2454 ξυνισχόμην
704 2409 866 2452 Elmsley

414 2467 481 2496 640
519 2461 594 2506 ἥκει
627 2461 659 2507 γ’
692 2459 762 2505 ἆρα
794 2461 929 2495 Linder
1044 2464 1204 2495 642—58
1231 2459 1401 2504 Euripidi
1434 2458 1625 2494 abiudicat
1649 2457 1828 2492 Wilamo-

320 2515 403 2550 witz
477 2519 543 2549 643
570 2515 699 2548 τούσδε
726 2513 878 2558 φιλτάτη
906 2514 1036 2548 Nauck
1117 2517 1183 2547 649
1210 2510 1327 2558 ῥώμη]
1353 2509 1449 2556 ῥοπή
1474 2511 1605 2545 Nauck
1628 2512 1631 2556 Ι
1653 2517 1827 2545 τοσοῦτον

321 2567 354 2602 δ’
386 2567 521 2602 εἰδέναι
550 2567 694 2610 Canter,
720 2565 828 2601 τόσον
854 2566 896 2601 δέ
921 2565 954 2611 γ’
986 2565 1119 2600 εἰδέναι
1151 2566 1287 2600 Barnes
1311 2566 1314 2611 Ι
1337 2570 1428 2610 χρῆν
1454 2564 1616 2607 Elmsley

415 2625 480 2654 652
510 2621 542 2654 εἰ
568 2620 612 2664 δὴ
639 2619 756 2653 Bothe
835 2623 901 2652 652
920 2632 969 2663 sq.
999 2618 1047 2653 ἔτ’
1078 2619 1110 2653 εἰ
1135 2618 1179 2662 δὴ
1203 2646 1209 2652 .
1233 2646 1238 2652 .
1261 2620 1367 2652 δυοῖν
1393 2615 1581 2662 γερόντοιν
1607 2614 1643 2650 δ’
1667 2615 1780 2660 Paley

321 2678 386 2708 657
415 2672 452 2707 σε
483 2671 625 2716 πρόσθε
647 2701 652 2706 .
677 2701 682 2706 .
705 2670 812 2717 βαίης
843 2674 963 2706 καλῶν
994 2672 1164 2715 Hartung
1283 2674 1349 2704 658
1377 2671 1442 2704 οὐκ
1469 2669 1504 2709 ἐς
1530 2667 1607 2714 μέγ’
1637 2669 1707 2713 (vel
1733 2667 1827 2713 κέν’)

319 2725 420 2771 ἤχεις
444 2731 559 2760 ταῦτα
585 2726 778 2769 Musgrave
1592 2764 1594 2766 v

415 2782 482 2812 660
508 2774 534 2812 ὦ
562 2775 665 2823 χαῖρέ
690 2790 750 2821 μοι
778 2778 820 2811 σὺ
845 2777 1050 2819 Kirchhoff,
1084 2773 1110 2810 ὦ
1138 2782 1241 2821 χαῖρε
1267 2781 1368 2820 χαῖρε
1394 2774 1523 2808 Nauck
1620 2777 1686 2807 662
1713 2778 1827 2807 τανῦν

321 2831 444 2865 ἄπεστι
472 2831 618 2874 Jacobs,
645 2836 732 2870 παῖς
755 2829 825 2874 (vel
843 2829 901 2874 τὰ)
922 2835 989 2864 νῦν
1009 2829 1136 2863 ἄπεστι
1156 2828 1328 2872 Elmsley,
1354 2828 1393 2862 τὸ
1414 2833 1482 2862 νῦν
1501 2826 1628 2861 ἄπεστι
1649 2825 1781 2860 Nauck
