1920 3235
720 155 1014 187 HPAKAEIAAI
1574 153 1586 190 1
1598 152 1623 191 3

286 267 374 301 τῶν
407 267 497 302 σῶν
529 260 885 310 ἀποσπασθέντες
917 260 1113 302 ἐκπεσεῖν
1146 261 1347 314 χθονόςἸ.

286 329 357 372 σοὶ
388 332 471 384 γὰρ
503 329 598 373 τόδ’
635 333 838 385 αἰσχρόν,
872 330 1004 386 χωρὶς
1036 333 1083 372 ἒν
1114 346 1158 372 τε
1190 336 1240 384 τῇ
1273 331 1416 383 πόλει,

286 400 424 451 ἱκέτας
457 402 615 456 ἀλήτας
647 409 889 456 συγγενεῖς·
924 406 1040 455 οἴμοι
1073 408 1239 454 κακῶν,

285 471 448 524 βλέψον
480 474 589 526 πρὸς
620 473 781 521 αὐτοὺς
811 472 994 525 βλέψον·
1028 471 1232 513 ἕλκεσθαι
1264 473 1350 527 βία.
1556 482 1623 511 325

285 541 377 584 ἀλλ’
416 544 605 597 ἅντομαί
633 554 679 584 σε
712 542 783 584 καὶ
816 541 1068 596 καταστέφω
1102 549 1269 596 χεροῖν,

284 614 341 667 μὴ
373 614 481 666 πρὸς
513 616 706 667 γενείου,
740 614 948 667 μηδαμῶς
981 613 1192 668 ἀτιμάσῃς

283 686 385 733 τοὺς
422 686 697 739 Πρακλειόυς
728 685 886 733 παῖδας
920 683 962 733 ἐς
994 683 1121 738 χέρας
1152 684 1320 737 λαβών,

283 761 416 807 γενοῦ
449 752 497 796 δὲ
528 756 675 796 τοῖσδε
709 756 945 808 συγγενής,
978 760 1111 807 γενοῦ
1142 756 1271 808 φίλος

283 826 424 879 πατὴρ
457 825 647 879 ἀδελφὸς
680 827 908 878 δεσπότης·
943 826 1112 866 ἅπαντα
1146 826 1228 878 γὰρ
1556 837 1623 866 230

283 894 404 938 ταῦτ’
443 895 533 938 ἐστὶ
564 898 751 948 κρείσσω
783 897 898 950 πλὴν
931 893 1004 937 ὑπ’
1038 894 1249 949 Ἀργείοις
1279 902 1441 937 πεσεῖν.

112 969 197 1007 XO.
283 963 453 1024 ᾢκτειρ’
489 965 680 1016 ἀκούσας
710 967 868 1008 τούσδε
901 972 1149 1020 συμφορᾶς,
1182 966 1299 1016 ἄναξ.

284 1038 364 1091 τὴν
397 1033 437 1078 δ’
474 1035 700 1090 εὐγένειαν
732 1042 806 1090 τῆς
837 1037 968 1091 τύχης
1001 1036 1248 1091 νικωμένην

284 1114 368 1150 νῦν
401 1107 454 1161 δὴ
487 1105 658 1162 μάλιστ’
696 1108 885 1150 ἐσεῖδον·
919 1108 1010 1149 οἵδε
1043 1109 1124 1161 γὰρ
1158 1109 1320 1162 πατρὸς

286 1178 451 1220 ἐσθλοῦ
483 1186 667 1232 γεγῶτες
699 1177 961 1233 δυστυχοῦσ’
998 1177 1196 1229 ἀναξίως.
1556 1192 1623 1221 235

108 1251 207 1289 AH.
283 1251 461 1302 τρισσαί
488 1247 531 1303 μ’
570 1249 863 1303 ἀναγκάζουσι
896 1251 1105 1298 συννοίας
1137 1249 1251 1299 ὁδοί,

284 1317 439 1372 Ἰόλαε,
472 1322 575 1369 τοὺς
607 1322 713 1369 σοὺς
745 1321 802 1374 μὴ
835 1320 1127 1373 παρώσασθαι
1160 1322 1335 1373 λόγους·

286 1391 334 1431 τὸ
366 1388 446 1445 μὲν
477 1390 684 1445 μέγιστον
719 1393 828 1440 Ζεὺς
861 1389 928 1444 ἐφ’
968 1387 1020 1432 οὗ
1054 1393 1108 1432 σὺ
1140 1391 1304 1445 βώμιος

282 1466 434 1510 θακεῖς
465 1469 662 1503 νεοσσῶν
694 1460 816 1516 ‘cvij'
855 1464 965 1515 ἔχων
997 1462 1234 1517 ὁμήγυριν,

283 1533 331 1573 τὸ
365 1531 576 1586 συγγενές
607 1548 652 1574 τε
683 1531 755 1574 καὶ
788 1534 835 1574 τὸ
867 1535 1154 1587 προυφείλειν
1186 1536 1327 1582 καλῶς
1555 1546 1623 1575 240

283 1603 495 1657 πράσσειν
527 1601 626 1657 παρ’
664 1603 789 1657 ἡμῶν
820 1604 978 1644 τούσδε
1010 1601 1218 1660 πατρῴαν
1249 1604 1398 1658 χάριν,

282 1675 330 1716 τό
362 1670 398 1715 τ’
436 1675 639 1728 αι’σχρόν,
673 1671 808 1728 οὗπερ
843 1675 913 1715 δεῖ
941 1674 1126 1728 μάλιστα
1158 1677 1410 1730 φροντίσαι·

283 1746 324 1785 εἰ
353 1745 435 1798 γὰρ
467 1746 650 1799 παρήσω
682 1745 810 1786 τόνδε
844 1748 1065 1786 συλᾶσθαι
1098 1747 1172 1801 βίᾳ

281 1814 410 1865 ξένου
440 1816 548 1869 πρὸς
581 1815 742 1870 ἀνδρὸς
773 1817 943 1870 βωμόν,
978 1816 1058 1857 οὐκ
1090 1815 1332 1871 ἐλευθέραν

282 1887 418 1928 οἰκεῖν
451 1887 623 1940 δοκήσω
657 1894 808 1940 γαῖαν,
837 1884 1042 1941 Ἀργείων
1075 1884 1114 1928 δ’
1153 1888 1268 1944 ὄκνῳ
1556 1900 1622 1930 245

282 1957 422 2006 ἱκέτας
452 1958 716 2011 προδοῦναι·
749 1955 821 1998 καὶ
852 1953 945 1998 τόδ’
981 1957 1170 2012 ἀγχόνης
1201 1957 1344 2008 πέλας.

287 2026 380 2069 ἀλλ’
420 2028 582 2082 ὤφελες
614 2025 693 2082 μὲν
727 2027 1033 2083 εὐτυχέστερος
1065 2033 1237 2083 μολεῖν,

285 2099 400 2152 ὅμως
433 2096 480 2139 δὲ
512 2097 584 2140 καὶ
616 2105 700 2140 νῦν
732 2099 788 2153 μὴ
821 2097 975 2154 τρέσῃς
1007 2100 1122 2148 ὅπως
1155 2099 1206 2141 σε’
1234 2117 1298 2149 τις

281 2170 364 2209 σὺν
395 2167 517 2210 παισὶ
549 2171 701 2223 βωμοῦ
732 2167 854 2210 τοῦδ’
891 2169 1133 2211 ἀποσπάσει
1166 2172 1252 2225 βία.

282 2239 337 2279 σὺ
371 2238 408 2279 δ’
433 2238 593 2293 ’Ἀργος
626 2239 772 2281 ἐλθὼν
803 2240 938 2280 ταῦτά
970 2237 1006 2281 τ’
1043 2241 1277 2295 Εὐρυσθεῖ
1306 2241 1498 2295 φράσον,
1554 2252 1621 2283 250

200 2410 338 2440 223-ῖ)
366 2406 465 2440 delet
490 2407 650 2441 Dindorf
761 2412 828 2442 2:23
855 2408 893 2443 ἕν
920 2422 956 2444 τε
982 2415 1024 2455 τῇ
1051 2409 1169 2457 πόλει]
1196 2410 1365 2453 Erfurdt,
1392 2411 1430 2445 ἕν
1455 2424 1491 2445 τε
1518 2410 1621 2446 πόλει

106 2458 223 2495 κακόν
249 2460 328 2494 LP
399 2463 466 2493 224
493 2466 614 2499 κακῶς
639 2461 725 2504 LP⁷
752 2468 876 2496 κακῶν
903 2463 914 2497 Ζ
988 2467 1053 2496 227
1082 2464 1146 2509 μὴ]
1172 2463 1378 2508 Kirchhoff,
1411 2465 1474 2498 καὶ
1500 2465 1578 2499 LP

105 2516 171 2545 232
204 2514 320 2546 τῶνδε
357 2512 548 2556 συμφοράς
579 2513 741 2557 Elmsley
774 2514 896 2557 (τάσδε
929 2516 1120 2560 συμφοράς
1152 2528 1241 2551 corr.
1275 2528 1400 2562 apogr.
1433 2516 1572 2561 Paris).

106 2569 173 2598 ‘234
200 2564 342 2599 ἐσεῖδον
373 2564 432 2598 hic
465 2566 544 2598 LP
638 2569 704 2600 ⁶236
732 2566 920 2614 συννοίας]
951 2569 987 2603 F.
1016 2568 1081 2603 GU.
1112 2569 1295 2612 Schmidt,
1330 2575 1521 2614 συμφορᾶς
1546 2570 1625 2604 LP

153 2621 219 2651 237
252 2616 397 2663 λόγους]
430 2617 637 2660 Kirehhoffi
676 2618 803 2660 ξένους
840 2621 918 2654 LP
1035 2626 1101 2656 2:58
1141 2624 1291 2668 βώμιος]
1330 2623 1371 2657 H.
1400 2623 1621 2667 Stephanus,

105 2668 265 2715 βωμίους
290 2671 368 2704 LP
486 2675 553 2704 239
581 2670 775 2717 ὁμήγυριν]
809 2672 957 2718 Nauck,
991 2674 1199 2719 πανήγυριν
1226 2676 1304 2709 LP
1421 2680 1487 2709 ‘242
1514 2675 1554 2709 τὸ
1581 2673 1617 2709 δ’

105 2723 142 2756 Ρ
235 2726 302 2756 243
330 2725 532 2758 συλλᾶσθαι
558 2724 570 2757 Ζ
675 2728 742 2758 245
762 2723 946 2773 Ἀργείων]
971 2727 1134 2771 Dobree‚
1173 2726 1334 2773 ἀργείοις
1359 2728 1438 2762 LP
1469 2729 1472 2773 Ι
1508 2727 1619 2775 ὄκνῳ]

106 2775 319 2819 Musgrave,
359 2776 454 2810 ὀκνῶ
487 2777 566 2811 LP
673 2781 740 2811 ‘246
766 2777 866 2824 τόδ’]
898 2779 1078 2824 Elmsley,
1117 2779 1199 2815 τάὸ’
1230 2781 1308 2814 LP
1419 2785 1484 2814 ⁶247
1518 2781 1620 2815 εὐτυ-

105 2827 270 2872 χέστερος
303 2840 427 2873 apogr.
460 2829 593 2872 Paris⁷
627 2828 882 2875 εὐτυχέστερον
913 2833 991 2867 LP
1091 2838 1158 2867 ‘249
1190 2833 1412 2879 ἀποσπάσει]
1446 2833 1620 2878 Elmsley,

105 2880 300 2926 ἀποσπάση
328 2882 407 2916 LP
