1941 3204
766 152 1000 184 ΠΡΛΚΛΗΣ
1592 157 1605 196 1
1619 158 1644 195 ς,

303 255 324 296 ὃ
358 255 437 309 χρὴ
470 257 552 310 γὰρ
586 256 731 306 οὐδεὶς
763 258 820 311 μὴ
853 259 992 312 χρεὼν
1023 260 1153 313 θήσει
1187 261 1302 303 ποτέ.

127 328 216 367 ΧΟ.
305 327 346 367 εἰ
375 324 455 380 μὲν
487 330 743 369 σθενόντων
774 336 861 370 τῶν
894 328 1009 383 ἐμῶν
1041 332 1290 384 βραχιόνων

299 394 355 450 ἦν
386 399 452 446 τίς
485 395 524 438 σ’
560 398 763 452 ὑβρίζων,
798 399 962 455 ῥαδίως
993 402 1161 442 ε”παυσά
1192 402 1290 442 τᾶν·

301 474 384 509 νῦν
417 464 457 509 δ’
494 468 626 510 οὐδέν
661 469 800 524 ἐσμεν.
864 471 944 512 σὸν
978 469 1024 511 δὲ
1056 471 1325 514 τούντεῦθεν
1359 482 1540 515 σκοπεῖν

302 539 417 588 ὅπως
450 540 587 594 διώσῃ
621 541 697 589 τὰς
727 541 879 595 τύχας,
907 538 1194 596 Ἀμφιτρύων.
1574 558 1640 587 315

125 612 229 650 AM.
303 609 424 651 οὔτοι
456 610 504 651 τὸ
538 611 685 652 δειλὸν
718 609 822 652 οὐδὲ
853 616 932 653 τοῦ
964 613 1065 664 βίον
1096 615 1238 662 πόθος

298 684 457 722 θανεῖν
490 681 632 734 ἐρύκει
665 679 726 736 μ’,
761 681 869 723 ἀλλὰ
901 681 1024 724 παιδὶ
1056 684 1271 738 βούλομαι

297 759 434 793 σῶσαι
466 750 598 793 τέκν’·
633 752 772 801 ἄλλως
805 749 844 793 δ’
881 752 1114 795 ἀδυνάτων
1146 754 1256 796 ἔοικ’
1295 755 1411 809 ἐρᾶν.

300 823 400 863 ἰδοὺ
432 822 641 876 πάρεστιν
673 823 750 876 ἥδε
783 824 994 880 φασγάνῳ
1028 823 1132 879 δέρη

295 900 463 934 κεντεῖν
496 894 718 947 φονεύειν,
752 894 863 935 [έναι
895 893 1052 948 πέτρας
1083 896 1180 937 ἄπο.
1571 912 1638 940 32⁴>

295 965 399 1017 μίαν
433 963 477 1005 δὲ
512 970 603 1021 νῷν
635 966 710 1014 δὸς
741 965 883 1020 χάριν,
917 965 1043 1019 ἄναξ,
1077 967 1338 1021 ἱκνούμεθα·

294 1037 466 1077 κτεῖνόν
497 1051 549 1089 με
580 1034 651 1077 καὶ
682 1033 805 1089 τήνδ’
841 1035 1004 1077 ἀθλίαν
1035 1038 1205 1078 παίδων
1237 1038 1395 1093 πάρος,

296 1105 353 1154 ὡς
384 1107 441 1160 μὴ
473 1103 587 1148 τέκν’
625 1108 870 1161 εἰσίδωμεν,
903 1106 1086 1149 ἀνόσιον
1117 1108 1243 1160 θεάν,

294 1183 661 1232 ψυχορραγοῦντα
692 1176 763 1218 καὶ
795 1180 1014 1219 καλοῦντα
1046 1177 1208 1232 μητέρα

294 1250 455 1301 πατρός
487 1264 531 1289 τε
563 1247 737 1302 πατέρα.
799 1249 932 1290 τᾶλλα
965 1247 1005 1289 δ’
1041 1243 1067 1304 ἧ
1100 1251 1330 1304 πρόθυμος
1363 1248 1402 1293 εἷ
1569 1266 1635 1295 325

291 1317 472 1371 πρᾶσσ’·
506 1318 558 1360 οὐ
590 1320 671 1373 γὰρ
704 1318 842 1373 ἀλκὴν
875 1321 1029 1374 ἔχομεν
1062 1320 1171 1361 ὥστε
1203 1322 1259 1374 μὴ
1294 1322 1346 1363 οὐ
1374 1327 1543 1365 θανεῖν.

118 1391 218 1430 ME.
291 1389 408 1443 κάγώ
443 1388 481 1431 σ’
521 1391 723 1445 ἱκνοῦμαι
754 1391 897 1444 χάριτι
928 1394 1194 1444 προσθεῖναι
1226 1392 1368 1446 χάριν,

291 1460 396 1514 ἡμῖν
428 1459 484 1502 ἵν’
523 1460 688 1516 ἀμφοῖν
721 1455 781 1510 εἷς
811 1461 1094 1516 ὑπουργήσῃς
1127 1462 1273 1503 διπλᾶ·

291 1533 458 1586 κόσμον
490 1532 623 1586 πάρες
655 1548 728 1587 μοι
759 1530 884 1573 παισὶ
915 1536 1179 1586 προσθεῖναι
1212 1542 1394 1589 νεκρῶν,

292 1603 455 1657 δόμους
487 1602 678 1653 ἀνοίξας·
711 1609 794 1644 νῦν
826 1603 908 1657 γὰρ
941 1601 1254 1658 ἐκκεκλῄμεθα·
1344 1612 1348 1616 “
1564 1620 1632 1649 2230

291 1674 349 1722 ὡς
381 1673 488 1715 ἀλλὰ
520 1674 654 1715 ταῦτά
685 1672 724 1727 γ’
762 1671 1012 1728 ἀπολάχωσ’
1051 1678 1185 1716 οἴκων
1217 1678 1390 1731 πατρός.

117 1746 252 1785 ΛΤΚ.
294 1746 413 1785 ἔσται
445 1742 560 1786 τάδ’·
595 1748 732 1798 οἴγειν
764 1747 937 1799 κλῇθρα
968 1747 1235 1799 προσπόλοις
1267 1747 1390 1800 λέγω.

289 1814 520 1870 κοσμεῖσθ’
555 1817 639 1856 ἔσω
672 1817 896 1869 μολόντες·
930 1815 983 1856 οὐ
1016 1820 1175 1869 φθονῶ
1207 1816 1396 1859 πέπλων.

290 1886 395 1928 ὅταν
428 1884 475 1927 δὲ
507 1888 674 1940 κόσμον
706 1886 1004 1940 περιβάλησθε
1037 1887 1249 1941 σώμασιν,

289 1956 376 2010 ἥξω
407 1958 516 2011 πρὸς
548 1957 658 2012 ὑμᾶς
688 1956 871 2013 νερτέρα
904 1957 1059 1998 δώσων
1091 1961 1235 2012 χθονί.
1564 1973 1630 2002 335

116 2029 212 2068 ME.
288 2025 320 2069 ὦ
353 2027 486 2081 τέκν’,
520 2026 734 2083 ὁμαρτεῖτ’
772 2027 914 2084 ἀθλίῳ
948 2029 1109 2082 μητρὸς
1139 2027 1244 2070 ποδὶ

288 2105 491 2156 πατρῷον
524 2099 566 2148 ἐς
597 2098 839 2153 μέλαθρον,
873 2096 925 2140 οὗ
957 2105 1032 2152 τῆς
1065 2099 1218 2148 οὐσίας

288 2171 413 2211 ἄλλοι
444 2176 668 2224 κρατοῦσι,
699 2171 747 2211 τὸ
782 2167 820 2211 δ’
858 2166 980 2223 ὄνομ’
1017 2168 1114 2210 ἔσθ’
1151 2170 1276 2224 ἡμῶν
1309 2172 1382 2213 ἔτι.

111 2241 216 2281 AM.
287 2238 320 2282 ὦ
355 2243 455 2294 Ζεῦ,
487 2241 625 2295 μάτην
657 2237 726 2294 ἄρ’
764 2240 987 2294 ὁμόγαμόν
1021 2239 1059 2282 σ’
1098 2240 1358 2295 ἐκτησάμην,

288 2311 428 2364 μάτην
462 2310 509 2352 δὲ
540 2312 695 2360 παιδὸς
726 2311 803 2352 τὸν
835 2312 948 2352 νεὼν
981 2309 1230 2366 ἐκλῄζομεν·
1560 2326 1628 2355 340

205 2509 270 2539 311
299 2505 429 2550 χρεὼν]
455 2504 604 2547 Porson‚
630 2506 731 2539 θεῶν
758 2504 835 2538 LG
931 2508 997 2537 313
1025 2503 1165 2538 ἕπαυσά
1191 2505 1275 2551 τᾶν]
1303 2506 1485 2551 Ηῑιιᾞως,
1513 2506 1625 2541 ἐπαύ-

111 2556 190 2592 σατ’
220 2558 267 2593 ἄν
294 2559 371 2593 LG
485 2561 552 2591 320
578 2556 727 2603 πέτρας]
754 2557 933 2599 Brodeau7
960 2556 1104 2600 πάτρας
1129 2559 1206 2592 LG
1315 2562 1382 2592 323
1411 2557 1532 2593 εἰσίδω
1560 2559 1625 2602 μὲν

113 2611 145 2645 G
259 2615 326 2645 325
353 2606 391 2658 ᾗ]
419 2610 613 2653 Matthiae,
639 2611 671 2644 εἰ
696 2610 773 2644 LG
882 2614 949 2644 326
976 2611 1023 2655 μὴ
1050 2612 1109 2657 οὐ]
1135 2612 1369 2654 Herwerden,
1405 2612 1451 2656 μὴ
1479 2614 1558 2646 LG

110 2668 177 2698 328
203 2664 291 2708 ἡμῖν
318 2676 386 2699 om.
414 2665 502 2707 LG,
535 2663 619 2697 add.
645 2675 776 2697 manus
801 2663 914 2697 tertia
938 2662 976 2696 in
1003 2664 1054 2707 L,
1086 2675 1182 2698 man.
1214 2675 1281 2699 sec.
1316 2665 1625 2709 superscripserat

109 2715 224 2750 λείπει
249 2722 371 2761 τμῆμα
396 2722 460 2750 τοῦ
487 2714 611 2761 στίχου
684 2718 750 2749 329
776 2717 1014 2762 προσθεῖναι]
1040 2720 1251 2761 περιθεῖναι
1279 2717 1394 2751 Cobet
1466 2722 1534 2751 330
1561 2717 1623 2752 δό-

109 2782 175 2813 μος
203 2770 246 2813 G,
272 2780 362 2804 corr.
388 2782 410 2815 ς]
433 2772 436 2815 Ι
460 2767 741 2812 ἐκκεκλείσμεθα
767 2769 843 2803 LG
940 2773 1005 2803 331
1034 2770 1115 2804 fort.
1144 2776 1249 2804 τοῦτο
1348 2774 1414 2804 336
1441 2769 1550 2804 τέκνα
1578 2772 1623 2816 L,

74 2833 78 2834 ⁷
107 2822 206 2857 τέκν’
236 2823 290 2858 IG
372 2826 439 2857 338
467 2822 531 2868 ἔτι]
560 2820 673 2866 μόνον
698 2822 830 2856 Nauck
912 2826 980 2856 340
1006 2824 1141 2862 παιδὸς
1164 2824 1228 2857 τὸν
1256 2823 1348 2857 νεὼν
1375 2823 1462 2866 LG,
1490 2824 1623 2864 παιδὸς

108 2889 163 2910 τοι
194 2877 282 2911 νεὼν
309 2877 330 2920 Ζ,
356 2876 439 2910 fort.
465 2876 599 2915 παιδὸς
623 2876 750 2910 κοινὸν
777 2874 881 2919 ὄνομ’
