1946 3189
277 134 330 174 14

277 385 366 424 ΚΟ.

279 455 377 494 ΔΗ.

276 525 368 564 ΚΟ.

276 595 375 633 ΔΗ.

276 665 368 704 KO.

277 736 378 774 AH.

277 807 368 846 ΚΟ.

277 877 376 916 ΔΗ.

278 948 368 986 ΚΟ.

279 1018 376 1058 ΔΗ.

279 1088 360 1127 ΚΟ

278 1159 379 1197 ΛΗ.

280 1229 372 1268 KO.

278 1300 377 1338 AH.

279 1370 371 1408 ΚΟ.

279 1440 378 1478 ΛΗ.

280 1510 372 1548 ΚΟ.

280 1581 378 1619 ΛΗ.

281 1651 370 1689 ΧΟ.

280 1721 379 1759 ΛΗ.

283 1792 372 1830 ΧΟ.

281 1861 372 1900 ΚΟ.

282 2487 372 2521 mut.
400 2486 411 2519 l

284 2536 354 2572 ὦδε

284 2602 391 2625 sonas
424 2589 568 2624 lineolis
595 2590 727 2623 notant
753 2589 831 2622 LP

440 2541 506 2571 v253
532 2535 634 2581 οὐδ’]
660 2536 802 2578 Nauck,
829 2536 895 2569 οὐκ
921 2535 999 2569 LP
1019 2537 1022 2578 Ι
1045 2535 1097 2580 τε]
1124 2534 1257 2577 Heath,
1283 2547 1316 2567 u
1343 2534 1420 2567 LP

948 2592 1013 2621 255
1042 2599 1097 2621 σοι
1124 2598 1211 2621 corr.
1241 2597 1365 2630 apogr.
1391 2584 1523 2627 Paris„
1556 2584 1598 2617 σὺ
1624 2583 1701 2616 LP

1601 2639 1668 2668 256
1707 2634 1791 2668 forb.

893 131 1161 164 ΕΥΡΙΠΙΔΟΥ

450 241 558 294 πρὸς
590 238 741 280 τοῖσδέ
768 236 825 292 τ’,
857 241 900 279 εἴ
926 253 966 279 τι
998 233 1154 279 τοισίδ’
1192 236 1366 290 ἐγκαλεῖ
1394 235 1552 288 ξένοις,

451 312 575 364 δίκης
606 311 835 365 κυρήσειν·
867 309 1025 349 τούσδε
1059 305 1097 348 δ’
1135 307 1215 349 οὐκ
1246 307 1360 357 ἄξεις
1390 306 1503 348 ποτέ.

453 377 548 422 οὐδ’
584 380 640 434 ἢν
672 381 843 421 δίκαιον
875 375 901 434 ἧ
934 394 978 420 τε
1010 377 1082 419 καὶ
1114 385 1219 419 νικῶ
1252 379 1387 434 λόγῳ;

451 449 522 492 καὶ
554 457 643 499 πῶς
677 451 846 491 δίκαιον
880 450 957 491 τὸν
991 447 1135 501 ἱκέτην
1167 449 1291 502 ἄγειν
1322 449 1416 503 βίᾳ;

454 521 533 563 οὐκ
565 517 646 562 οὖν
678 519 773 575 ἐμοὶ
804 518 894 561 τόδ’
934 521 1135 574 αἰσχρόν,
1169 518 1277 559 ἀλλὰ
1309 516 1378 559 σοὶ
1410 517 1589 571 βλάβος;

453 591 552 646 ε’μοί
580 589 639 645 γ’,
672 590 748 632 ε’άν
780 602 849 632 σοι
879 587 1030 631 τούσδ’
1068 588 1333 644 ἐφέλκεσθαι
1364 593 1499 643 μεθῶ.

454 664 508 704 σὺ
541 660 579 703 δ’
618 661 795 716 ἑξόριζε,
829 655 921 716 κᾷτ’
959 661 1129 702 ἐκεῖθεν
1162 659 1331 713 ἄξομεν.

455 733 602 781 σκαιὸς
633 730 828 786 πέφυκας
858 737 936 772 τοῦ
969 735 1080 772 θεοῦ
1110 733 1244 772 πλείω
1277 736 1472 784 φρονῶν.

454 801 593 856 δεῦρ’,
626 803 683 852 ὡς
714 804 845 855 ἔοικε,
877 809 968 850 τοῖς
999 808 1170 842 κακοῖσι
1203 799 1426 854 φευκτέον.

453 874 584 914 ἅπασι
616 873 767 914 κοινὸν
799 872 913 926 ῥῦμα
949 873 1172 925 δαιμόνων
1205 871 1322 924 ἕδρα.

452 941 571 985 ταῦτ’
608 943 661 984 οὐ
694 944 869 996 δοκήσει
900 949 990 991 τοῖς
1021 943 1300 995 Μυκηναίοις
1333 945 1447 989 ἴσως.

455 1015 618 1056 οὔκουν
651 1013 732 1067 ἐγὼ
766 1020 852 1054 τῶν
885 1010 1036 1053 ἐνθάδ’
1076 1010 1160 1066 εἰμὶ
1194 1011 1363 1065 κύριος;

457 1085 659 1138 βλάπτων
691 1079 729 1137 γ’
767 1082 961 1131 ἐκείνους
992 1081 1148 1136 μηδέν,
1181 1081 1237 1135 ἢν
1269 1083 1324 1122 σὺ
1358 1085 1602 1134 σωφρονῇς.

456 1152 711 1208 βλάπτεσθ’,
745 1155 851 1208 ἐμοῦ
882 1169 931 1206 γε
962 1152 1018 1206 μὴ
1051 1154 1302 1206 μιαίνοντος
1333 1151 1478 1199 θεούς.

458 1226 510 1266 οὐ
543 1226 761 1278 βούλομαί
789 1235 835 1265 σε
868 1225 1059 1277 πόλεμον
1087 1219 1298 1277 Ἀργείοις
1330 1223 1454 1276 ἔχειν.

458 1296 574 1349 κάγὼ
606 1301 818 1344 τοιοῦτος·
852 1295 989 1335 τῶνδε
1024 1289 1062 1334 δ’
1099 1293 1152 1334 οὐ
1185 1294 1442 1347 μεθήσομαι.

458 1366 543 1416 ἄξω
576 1382 623 1419 γε
656 1365 804 1420 μέντοι
836 1367 938 1413 τοὺς
972 1363 1100 1418 ε’μοὺς
1133 1363 1215 1417 ἐγὼ
1249 1363 1407 1417 λαβών.

456 1437 535 1478 οὐκ
567 1433 634 1491 ἄρ’
672 1435 714 1485 ἐς
739 1433 896 1490 ’Ἄργος
929 1434 1090 1490 ῥαδίως
1123 1435 1220 1475 ἄπει
1252 1433 1396 1474 πάλιν.

457 1507 724 1562 πειρώμενος
757 1507 810 1560 δὴ
842 1507 971 1547 τοῦτό
1003 1502 1041 1557 γ’
1081 1500 1217 1545 αὐτίκ’
1255 1507 1436 1557 εἴσομαι.

455 1580 619 1619 κλαίων
651 1575 718 1630 ἄρ’
757 1577 845 1631 ἅψῃ
878 1576 1017 1616 τῶνδε
1049 1574 1155 1616 κούκ
1188 1574 1230 1623 ἐς
1262 1574 1463 1628 ἀμβολάς.

456 1648 512 1702 μὴ
544 1648 651 1702 πρὸς
683 1651 802 1688 θεῶν
834 1648 999 1700 κήρυκα
1032 1647 1248 1700 τολμήσῃς
1279 1649 1441 1685 θενεϊν.

457 1719 496 1759 εί
525 1719 582 1771 μή
615 1714 654 1771 γ’
691 1717 712 1759 ὁ
745 1718 879 1772 κῆρυξ
913 1723 1163 1770 σωφρονεῖν
1197 1717 1451 1770 μαθήσεται.

457 1789 637 1829 ἄπελθε·
671 1786 741 1829 καὶ
775 1789 830 1828 σὺ
862 1788 990 1828 τοῦδε
1023 1787 1079 1840 μὴ
1112 1788 1262 1840 θίγῃς,
1295 1784 1413 1834 ἄναξ.

458 1860 628 1912 στείχω·
662 1864 760 1912 μιᾶς
793 1859 872 1910 γὰρ
906 1858 1046 1911 χειρὸς
1079 1856 1270 1909 ἀσθενὴς
1303 1856 1426 1910 μάχη.

457 1929 544 1982 ἥξω
578 1926 624 1969 δὲ
655 1929 823 1981 πολλὴν
844 1927 997 1981 ’Ἀρεος
1025 1924 1220 1979 Ἀργείου
1253 1925 1400 1977 λαβὼν

457 1999 707 2053 πάγχαλκον
741 1998 898 2052 αἰχμὴν
932 1998 1074 2050 δεῦρο.
1138 1997 1286 2049 μυρίοι
1320 1994 1371 2036 δέ
1399 2010 1449 2048 με

458 2069 667 2124 μένουσιν
699 2068 957 2122 ἀσπιστῆρες
989 2067 1252 2120 Εὐρυσθεύς
1283 2064 1318 2106 τ’
1357 2065 1463 2116 ἄναξ

458 2140 588 2189 αὐτὸς
620 2146 888 2194 στρατηγῶν·
918 2136 1134 2179 Ἀλκάθου
1168 2135 1205 2178 δ’
1244 2134 1307 2178 ἐπ’
1347 2136 1541 2190 ἐσχάτοις

457 2212 716 2266 καραδοκῶν
747 2208 964 2251 τάνθένδε
995 2207 1204 2263 τέρμασιν
1236 2205 1364 2262 μένει.

459 2282 652 2336 λαμπρὸς
685 2279 724 2321 δ’
760 2279 948 2328 ἀκούσας
980 2279 1061 2332 σὴν
1092 2278 1223 2332 ὕβριν
1254 2279 1493 2332 φανήσεται

1718 527 1785 557 255

1721 879 1786 908 260

1721 1582 1788 1611 ’.ΠΗ

1722 2286 1790 2317 280

378 2437 442 2466 251
470 2431 591 2466 τοῖσδέ
615 2429 645 2464 τ’
676 2430 726 2476 εἴ]
752 2431 958 2475 Musgrave‚
984 2427 1099 2463 τοῖσδ’
1130 2427 1176 2463 ἔτ’
1209 2428 1247 2462 εἴ
1266 2428 1367 2471 LPfl
1389 2424 1519 2462 τοῖσιδ’
1549 2426 1630 2469 LP,
1660 2426 1682 2459 δ
1706 2424 1744 2458 in
1771 2439 1790 2469 γ

514 2488 579 2518 ‘252
607 2483 793 2528 κυρήσειν]
819 2482 952 2525 Bothe,
981 2482 1145 2525 κυρήσειε
1174 2482 1220 2524 P⁷
1253 2480 1430 2524 κυρήσει*
1456 2480 1489 2513 L
1512 2480 1515 2524 Ι
1537 2478 1681 2523 τούσδε]
1708 2477 1790 2511 fort.

284 2647 445 2677 255—‹30
483 2642 535 2676 Sic
574 2640 751 2686 disponit:
788 2645 865 2675 ⁶259.
894 2645 947 2674 60.
976 2644 1029 2674 57.
1058 2644 1112 2674 58.
1140 2643 1194 2673 55.
1223 2643 1266 2673 56
1306 2637 1463 2672 Schenkl

549 2699 615 2728 ‘262
641 2694 729 2739 τῶν]
756 2693 901 2736 Reiske,
927 2699 998 2727 τῶν
1025 2691 1059 2726 δ’
1090 2693 1168 2726 LP
1251 2695 1316 2725 263
1344 2690 1512 2736 βλάπτων
1539 2687 1591 2733 γ’]
1618 2687 1791 2731 Ehnskzy,

283 2694 394 2730 καιιοί
444 2693 453 2705 ’

282 2710 452 2793 βλάπτιιῖν
477 2749 557 2782 LP
589 2750 592 2789 Ι
628 2745 689 2792 ἣν]
717 2745 909 2789 Matthiae,
937 2744 983 2780 ἂν
1010 2746 1087 2779 LP

283 2812 348 2834 scr.
376 2802 387 2834 l

1502 2534 1683 2565 255—271
1712 2540 1792 2574 per-

1204 2748 1271 2778 ⁶270
1297 2744 1387 2778 κούκ
1413 2744 1463 2786 L,
1498 2741 1562 2775 sed
1588 2741 1630 2774 οὐ
1657 2740 1695 2773 in
1721 2751 1790 2773 ras.

466 2804 531 2834 271
559 2799 687 2834 θένειν
714 2799 791 2832 LP
867 2802 932 2831 272
961 2797 1072 2841 κήρυξ
1100 2798 1178 2832 LP
1253 2800 1319 2830 279
1347 2793 1468 2839 μένειν
1495 2794 1581 2836 LP,
1609 2792 1706 2836 μένει
1733 2793 1745 2826 Z

283 2857 350 2887 280
375 2854 553 2898 λαμπρὸς]
581 2852 714 2899 λάβρος
739 2851 961 2886 Herwerden
