<?xml version="1.0" encoding="UTF-8"?>
<!DOCTYPE html PUBLIC "-//W3C//DTD XHTML 1.0 Transitional//EN"
    "http://www.w3.org/TR/xhtml1/DTD/xhtml1-transitional.dtd">
<html xmlns="http://www.w3.org/1999/xhtml" xml:lang="en" lang="en">
 <head>
  <title>
</title>
<meta http-equiv="Content-Type" content="text/html;charset=utf-8" />
  <meta name='ocr-system' content='tesseract 3.04.00' />
  <meta name='ocr-capabilities' content='ocr_page ocr_carea ocr_par ocr_line ocrx_word'/>
</head>
<body>
  <div class='ocr_page' id='page_1' title='image "./euripidisfabulae02euriuoft/euripidisfabulae02euriuoft_0272.png"; bbox 0 0 1946 3189; ppageno 0'>
   <div class='ocr_carea' id='block_1_1' title="bbox 264 124 1155 167">
    <p class='ocr_par' dir='ltr' id='par_1_1' title="bbox 264 124 1155 167">
     <span class='ocr_line' id='line_1_1' title="bbox 264 124 1155 167; baseline -0.013 0"><span class='ocrx_word' id='word_1_1' title='bbox 264 126 320 167; x_wconf 78' lang='lat'><em>20</em></span> <span class='ocrx_word' id='word_1_2' title='bbox 888 124 1155 157; x_wconf 64' lang='grc' dir='ltr'>ΕΥΡΙΠΙΔΟΥ</span> 
     </span>
    </p>
   </div>
   <div class='ocr_carea' id='block_1_2' title="bbox 265 227 1786 2391">
    <p class='ocr_par' dir='ltr' id='par_1_2' title="bbox 265 227 1786 2391">
     <span class='ocr_line' id='line_1_2' title="bbox 266 227 1772 285; baseline -0.004 -11"><span class='ocrx_word' id='word_1_3' title='bbox 266 236 356 274; x_wconf 89' lang='lat' dir='ltr'><em>XO.</em></span> <span class='ocrx_word' id='word_1_4' title='bbox 444 228 535 273; x_wconf 74' lang='grc' dir='ltr'><em>ἄλλ7</em></span> <span class='ocrx_word' id='word_1_5' title='bbox 572 229 596 285; x_wconf 74' lang='grc' dir='ltr'><strong><em>ἦ</em></strong></span> <span class='ocrx_word' id='word_1_6' title='bbox 629 233 863 284; x_wconf 80' lang='grc' dir='ltr'><strong><em>πρόθυμον</em></strong></span> <span class='ocrx_word' id='word_1_7' title='bbox 897 227 1035 272; x_wconf 80' lang='grc' dir='ltr'><em>οὖσαν</em></span> <span class='ocrx_word' id='word_1_8' title='bbox 1067 231 1147 272; x_wconf 86' lang='grc' dir='ltr'><em>οὐκ</em></span> <span class='ocrx_word' id='word_1_9' title='bbox 1180 230 1227 285; x_wconf 78' lang='grc' dir='ltr'><em>ἐᾷ</em></span> <span class='ocrx_word' id='word_1_10' title='bbox 1258 231 1363 279; x_wconf 92' lang='grc' dir='ltr'><em>θεὸς</em></span> <span class='ocrx_word' id='word_1_11' title='bbox 1704 239 1772 269; x_wconf 78' lang='lat'><em>425</em></span> 
     </span>
     <span class='ocr_line' id='line_1_3' title="bbox 442 299 1403 356; baseline -0.002 -14"><span class='ocrx_word' id='word_1_12' title='bbox 442 301 581 352; x_wconf 76' lang='grc' dir='ltr'><em>ξένοις</em></span> <span class='ocrx_word' id='word_1_13' title='bbox 613 301 793 356; x_wconf 76' lang='grc' dir='ltr'><em>ἀρήγειν</em></span> <span class='ocrx_word' id='word_1_14' title='bbox 825 302 955 354; x_wconf 89' lang='grc' dir='ltr'><em>τήνδε</em></span> <span class='ocrx_word' id='word_1_15' title='bbox 988 299 1231 356; x_wconf 76' lang='grc' dir='ltr'><em>χρῄζουσαν</em></span> <span class='ocrx_word' id='word_1_16' title='bbox 1263 301 1403 341; x_wconf 91' lang='grc' dir='ltr'><em>πόλιν.</em></span> 
     </span>
     <span class='ocr_line' id='line_1_4' title="bbox 265 368 1365 426; baseline -0.004 -12"><span class='ocrx_word' id='word_1_17' title='bbox 265 376 342 414; x_wconf 88' lang='grc' dir='ltr'><em>ΙΟ.</em></span> <span class='ocrx_word' id='word_1_18' title='bbox 447 369 478 413; x_wconf 79' lang='grc' dir='ltr'><em>ὦ</em></span> <span class='ocrx_word' id='word_1_19' title='bbox 511 368 644 426; x_wconf 76' lang='grc' dir='ltr'><em>τέκν’,</em></span> <span class='ocrx_word' id='word_1_20' title='bbox 675 373 849 425; x_wconf 77' lang='grc' dir='ltr'><em>ἔοιγμεν</em></span> <span class='ocrx_word' id='word_1_21' title='bbox 880 373 1175 423; x_wconf 81' lang='grc' dir='ltr'><em>ναυτίλοισιν,</em></span> <span class='ocrx_word' id='word_1_22' title='bbox 1208 370 1365 418; x_wconf 81' lang='grc' dir='ltr'><em>οἵτινες</em></span> 
     </span>
     <span class='ocr_line' id='line_1_5' title="bbox 443 439 1295 497; baseline -0.005 -13"><span class='ocrx_word' id='word_1_23' title='bbox 443 450 653 497; x_wconf 85' lang='grc' dir='ltr'><em>χειμῶνος</em></span> <span class='ocrx_word' id='word_1_24' title='bbox 686 441 947 496; x_wconf 80' lang='grc' dir='ltr'><em>ἐκφυγόντες</em></span> <span class='ocrx_word' id='word_1_25' title='bbox 979 442 1134 495; x_wconf 76' lang='grc' dir='ltr'><em>ἄγριον</em></span> <span class='ocrx_word' id='word_1_26' title='bbox 1166 439 1295 494; x_wconf 89' lang='grc' dir='ltr'><em>με’νος</em></span> 
     </span>
     <span class='ocr_line' id='line_1_6' title="bbox 443 508 1353 567; baseline -0.003 -13"><span class='ocrx_word' id='word_1_27' title='bbox 443 514 484 562; x_wconf 80' lang='grc' dir='ltr'><em>ἐς</em></span> <span class='ocrx_word' id='word_1_28' title='bbox 517 521 638 567; x_wconf 86' lang='grc' dir='ltr'><em>χεῖρα</em></span> <span class='ocrx_word' id='word_1_29' title='bbox 669 519 723 566; x_wconf 74' lang='grc' dir='ltr'><em>γῇ</em></span> <span class='ocrx_word' id='word_1_30' title='bbox 756 518 983 566; x_wconf 76' lang='grc' dir='ltr'><em>συνῆψαν,</em></span> <span class='ocrx_word' id='word_1_31' title='bbox 1017 508 1106 552; x_wconf 78' lang='grc' dir='ltr'><em>εἶτα</em></span> <span class='ocrx_word' id='word_1_32' title='bbox 1138 513 1353 565; x_wconf 76' lang='grc' dir='ltr'><em>χερσόθεν</em></span> 
     </span>
     <span class='ocr_line' id='line_1_7' title="bbox 443 581 1775 636; baseline -0.005 -12"><span class='ocrx_word' id='word_1_33' title='bbox 443 591 648 624; x_wconf 82' lang='grc' dir='ltr'><em>πνοαῖσιν</em></span> <span class='ocrx_word' id='word_1_34' title='bbox 680 583 910 636; x_wconf 77' lang='grc' dir='ltr'><em>ἠλάθησαν</em></span> <span class='ocrx_word' id='word_1_35' title='bbox 944 582 985 631; x_wconf 89' lang='grc' dir='ltr'><em>ές</em></span> <span class='ocrx_word' id='word_1_36' title='bbox 1016 584 1179 623; x_wconf 87' lang='grc' dir='ltr'><em>πόντον</em></span> <span class='ocrx_word' id='word_1_37' title='bbox 1210 581 1351 622; x_wconf 89' lang='grc' dir='ltr'><em>πάλιν.</em></span> <span class='ocrx_word' id='word_1_38' title='bbox 1706 588 1775 619; x_wconf 84' lang='grc'><em>430</em></span> 
     </span>
     <span class='ocr_line' id='line_1_8' title="bbox 444 651 1449 707; baseline -0.004 -12"><span class='ocrx_word' id='word_1_39' title='bbox 444 655 557 695; x_wconf 80' lang='grc' dir='ltr'><em>οὕτω</em></span> <span class='ocrx_word' id='word_1_40' title='bbox 592 652 638 694; x_wconf 73' lang='grc' dir='ltr'><em>δὲ</em></span> <span class='ocrx_word' id='word_1_41' title='bbox 671 653 819 707; x_wconf 80' lang='grc' dir='ltr'><em>χήμεῖς</em></span> <span class='ocrx_word' id='word_1_42' title='bbox 851 651 971 705; x_wconf 82' lang='grc' dir='ltr'><em>τῆσδ’</em></span> <span class='ocrx_word' id='word_1_43' title='bbox 1008 652 1340 706; x_wconf 80' lang='grc' dir='ltr'><em>άπωθούμεσθα</em></span> <span class='ocrx_word' id='word_1_44' title='bbox 1371 656 1449 704; x_wconf 78' lang='grc' dir='ltr'><em>γῆς</em></span> 
     </span>
     <span class='ocr_line' id='line_1_9' title="bbox 442 722 1368 778; baseline -0.003 -13"><span class='ocrx_word' id='word_1_45' title='bbox 442 726 525 778; x_wconf 77' lang='grc' dir='ltr'><em>ἤδη</em></span> <span class='ocrx_word' id='word_1_46' title='bbox 559 726 664 777; x_wconf 84' lang='grc' dir='ltr'><em>πρὸς</em></span> <span class='ocrx_word' id='word_1_47' title='bbox 697 723 843 772; x_wconf 78' lang='grc' dir='ltr'><em>ἀκταῖς</em></span> <span class='ocrx_word' id='word_1_48' title='bbox 876 725 997 771; x_wconf 83' lang='grc' dir='ltr'><em>ὄντες</em></span> <span class='ocrx_word' id='word_1_49' title='bbox 1029 722 1086 771; x_wconf 84' lang='grc' dir='ltr'><em>ὡς</em></span> <span class='ocrx_word' id='word_1_50' title='bbox 1118 724 1368 776; x_wconf 89' lang='grc' dir='ltr'><em>σεσωμένοι.</em></span> 
     </span>
     <span class='ocr_line' id='line_1_10' title="bbox 445 789 1358 848; baseline -0.003 -13"><span class='ocrx_word' id='word_1_51' title='bbox 445 799 579 848; x_wconf 74' lang='grc' dir='ltr'><em>οἶμοι·</em></span> <span class='ocrx_word' id='word_1_52' title='bbox 613 796 656 834; x_wconf 90' lang='grc' dir='ltr'><em>τί</em></span> <span class='ocrx_word' id='word_1_53' title='bbox 686 792 775 847; x_wconf 78' lang='grc' dir='ltr'><em>δῆτ’</em></span> <span class='ocrx_word' id='word_1_54' title='bbox 815 795 995 845; x_wconf 80' lang='grc' dir='ltr'><em>ε’τερψας</em></span> <span class='ocrx_word' id='word_1_55' title='bbox 1027 789 1060 834; x_wconf 81' lang='grc' dir='ltr'>ὦ</span> <span class='ocrx_word' id='word_1_56' title='bbox 1091 792 1274 834; x_wconf 88' lang='grc' dir='ltr'><em>τάλαινά</em></span> <span class='ocrx_word' id='word_1_57' title='bbox 1307 807 1358 845; x_wconf 91' lang='grc' dir='ltr'><em>με</em></span> 
     </span>
     <span class='ocr_line' id='line_1_11' title="bbox 445 861 1466 917; baseline -0.004 -12"><span class='ocrx_word' id='word_1_58' title='bbox 445 863 563 912; x_wconf 82' lang='grc' dir='ltr'><em>ἐλπὶς</em></span> <span class='ocrx_word' id='word_1_59' title='bbox 596 861 701 916; x_wconf 87' lang='grc' dir='ltr'><em>τότ’,</em></span> <span class='ocrx_word' id='word_1_60' title='bbox 736 863 788 904; x_wconf 88' lang='grc' dir='ltr'><em>οὐ</em></span> <span class='ocrx_word' id='word_1_61' title='bbox 821 862 1039 917; x_wconf 89' lang='grc' dir='ltr'><em>με’λλουσα</em></span> <span class='ocrx_word' id='word_1_62' title='bbox 1072 863 1287 903; x_wconf 81' lang='grc' dir='ltr'><em>διατελεῖν</em></span> <span class='ocrx_word' id='word_1_63' title='bbox 1319 861 1466 915; x_wconf 80' lang='grc' dir='ltr'><em>χάριν;</em></span> 
     </span>
     <span class='ocr_line' id='line_1_12' title="bbox 444 929 1775 987; baseline -0.005 -12"><span class='ocrx_word' id='word_1_64' title='bbox 444 935 673 987; x_wconf 80' lang='grc' dir='ltr'><em>συγγνωτὰ</em></span> <span class='ocrx_word' id='word_1_65' title='bbox 705 934 787 986; x_wconf 88' lang='grc' dir='ltr'><em>γάρ</em></span> <span class='ocrx_word' id='word_1_66' title='bbox 820 949 886 974; x_wconf 93' lang='grc' dir='ltr'><em>τοι</em></span> <span class='ocrx_word' id='word_1_67' title='bbox 917 931 989 974; x_wconf 82' lang='grc' dir='ltr'><em>καὶ</em></span> <span class='ocrx_word' id='word_1_68' title='bbox 1020 933 1071 973; x_wconf 80' lang='grc' dir='ltr'><em>τὰ</em></span> <span class='ocrx_word' id='word_1_69' title='bbox 1103 930 1242 984; x_wconf 82' lang='grc' dir='ltr'><em>τοῦδ’,</em></span> <span class='ocrx_word' id='word_1_70' title='bbox 1276 932 1315 972; x_wconf 82' lang='grc' dir='ltr'><em>εἰ</em></span> <span class='ocrx_word' id='word_1_71' title='bbox 1344 932 1401 984; x_wconf 84' lang='grc' dir='ltr'><em>μὴ</em></span> <span class='ocrx_word' id='word_1_72' title='bbox 1433 929 1554 971; x_wconf 83' lang='grc' dir='ltr'><em>θέλει</em></span> <span class='ocrx_word' id='word_1_73' title='bbox 1708 939 1775 968; x_wconf 86' lang='grc'><em>435</em></span> 
     </span>
     <span class='ocr_line' id='line_1_13' title="bbox 445 1000 1456 1054; baseline -0.004 -9"><span class='ocrx_word' id='word_1_74' title='bbox 445 1006 630 1045; x_wconf 83' lang='grc' dir='ltr'><em>κτείνειν</em></span> <span class='ocrx_word' id='word_1_75' title='bbox 661 1007 852 1045; x_wconf 84' lang='grc' dir='ltr'><em>πολιτῶν</em></span> <span class='ocrx_word' id='word_1_76' title='bbox 883 1003 1057 1051; x_wconf 84' lang='grc' dir='ltr'><em>παῖδας·</em></span> <span class='ocrx_word' id='word_1_77' title='bbox 1092 1000 1266 1050; x_wconf 81' lang='grc' dir='ltr'><em>αἰνέσας</em></span> <span class='ocrx_word' id='word_1_78' title='bbox 1299 1000 1337 1041; x_wconf 87' lang='grc' dir='ltr'><em>δ’</em></span> <span class='ocrx_word' id='word_1_79' title='bbox 1374 1002 1456 1054; x_wconf 83' lang='grc' dir='ltr'><em>ἔχω</em></span> 
     </span>
     <span class='ocr_line' id='line_1_14' title="bbox 447 1071 1396 1126; baseline -0.005 -10"><span class='ocrx_word' id='word_1_80' title='bbox 447 1073 535 1126; x_wconf 81' lang='grc' dir='ltr'><em>[καὶ</em></span> <span class='ocrx_word' id='word_1_81' title='bbox 568 1073 774 1125; x_wconf 76' lang='grc' dir='ltr'><em>τάνθάδ’,</em></span> <span class='ocrx_word' id='word_1_82' title='bbox 808 1075 847 1114; x_wconf 81' lang='grc' dir='ltr'><em>εἰ</em></span> <span class='ocrx_word' id='word_1_83' title='bbox 876 1078 1023 1114; x_wconf 88' lang='grc' dir='ltr'><em>θεοῖσι</em></span> <span class='ocrx_word' id='word_1_84' title='bbox 1056 1073 1109 1125; x_wconf 83' lang='grc' dir='ltr'><em>δὴ</em></span> <span class='ocrx_word' id='word_1_85' title='bbox 1143 1073 1266 1113; x_wconf 90' lang='grc' dir='ltr'><em>δοκεῖ</em></span> <span class='ocrx_word' id='word_1_86' title='bbox 1293 1071 1396 1112; x_wconf 87' lang='grc' dir='ltr'><em>τάδε</em></span> 
     </span>
     <span class='ocr_line' id='line_1_15' title="bbox 445 1139 1571 1198; baseline -0.006 -12"><span class='ocrx_word' id='word_1_87' title='bbox 445 1145 659 1198; x_wconf 75' lang='grc' dir='ltr'><em>πράσσειν</em></span> <span class='ocrx_word' id='word_1_88' title='bbox 689 1140 773 1198; x_wconf 75' lang='grc' dir='ltr'><em>ἔμ’·</em></span> <span class='ocrx_word' id='word_1_89' title='bbox 808 1144 931 1184; x_wconf 81' lang='grc' dir='ltr'><em>οὔτοι</em></span> <span class='ocrx_word' id='word_1_90' title='bbox 962 1145 1037 1184; x_wconf 92' lang='grc' dir='ltr'><em>σοί</em></span> <span class='ocrx_word' id='word_1_91' title='bbox 1065 1139 1105 1196; x_wconf 81' lang='grc' dir='ltr'><em>γ’</em></span> <span class='ocrx_word' id='word_1_92' title='bbox 1141 1142 1380 1183; x_wconf 79' lang='grc' dir='ltr'><em>ἀπόλλυται</em></span> <span class='ocrx_word' id='word_1_93' title='bbox 1412 1139 1571 1194; x_wconf 88' lang='grc' dir='ltr'><em>χάρις].</em></span> 
     </span>
     <span class='ocr_line' id='line_1_16' title="bbox 449 1209 1454 1268; baseline -0.004 -12"><span class='ocrx_word' id='word_1_94' title='bbox 449 1212 481 1256; x_wconf 85' lang='grc' dir='ltr'>ὦ</span> <span class='ocrx_word' id='word_1_95' title='bbox 513 1216 685 1268; x_wconf 88' lang='grc' dir='ltr'><em>παῖδες,</em></span> <span class='ocrx_word' id='word_1_96' title='bbox 718 1214 822 1268; x_wconf 86' lang='grc' dir='ltr'><em>ὑμῖν</em></span> <span class='ocrx_word' id='word_1_97' title='bbox 855 1209 895 1255; x_wconf 84' lang='grc' dir='ltr'><em>δ’</em></span> <span class='ocrx_word' id='word_1_98' title='bbox 931 1213 1011 1254; x_wconf 85' lang='grc' dir='ltr'><em>οὐκ</em></span> <span class='ocrx_word' id='word_1_99' title='bbox 1043 1215 1125 1268; x_wconf 84' lang='grc' dir='ltr'><em>ε”χω</em></span> <span class='ocrx_word' id='word_1_100' title='bbox 1157 1214 1202 1253; x_wconf 87' lang='grc' dir='ltr'><em>τί</em></span> <span class='ocrx_word' id='word_1_101' title='bbox 1229 1213 1454 1266; x_wconf 88' lang='grc' dir='ltr'><em>χρήσομαι.</em></span> 
     </span>
     <span class='ocr_line' id='line_1_17' title="bbox 449 1284 1781 1340; baseline -0.006 -14"><span class='ocrx_word' id='word_1_102' title='bbox 449 1293 526 1326; x_wconf 87' lang='grc' dir='ltr'><em>ποῖ</em></span> <span class='ocrx_word' id='word_1_103' title='bbox 556 1287 852 1340; x_wconf 83' lang='grc' dir='ltr'><em>τρεψόμεσθα;</em></span> <span class='ocrx_word' id='word_1_104' title='bbox 886 1286 950 1332; x_wconf 91' lang='grc' dir='ltr'><em>τίς</em></span> <span class='ocrx_word' id='word_1_105' title='bbox 981 1284 1062 1337; x_wconf 81' lang='grc' dir='ltr'><em>γὰρ</em></span> <span class='ocrx_word' id='word_1_106' title='bbox 1096 1284 1304 1330; x_wconf 79' lang='grc' dir='ltr'><em>ἄστεπτος</em></span> <span class='ocrx_word' id='word_1_107' title='bbox 1335 1286 1472 1330; x_wconf 85' lang='grc' dir='ltr'><em>θεῶν;</em></span> <span class='ocrx_word' id='word_1_108' title='bbox 1713 1289 1781 1318; x_wconf 87' lang='grc'><em>440</em></span> 
     </span>
     <span class='ocr_line' id='line_1_18' title="bbox 448 1353 1359 1409; baseline -0.004 -13"><span class='ocrx_word' id='word_1_109' title='bbox 448 1363 578 1397; x_wconf 87' lang='grc' dir='ltr'><em>ποῖον</em></span> <span class='ocrx_word' id='word_1_110' title='bbox 610 1354 658 1396; x_wconf 79' lang='grc' dir='ltr'><em>δὲ</em></span> <span class='ocrx_word' id='word_1_111' title='bbox 690 1357 816 1409; x_wconf 80' lang='grc' dir='ltr'><em>γαίας</em></span> <span class='ocrx_word' id='word_1_112' title='bbox 848 1354 971 1409; x_wconf 78' lang='grc' dir='ltr'><em>ἕρκος</em></span> <span class='ocrx_word' id='word_1_113' title='bbox 1003 1353 1083 1395; x_wconf 88' lang='grc' dir='ltr'><em>οὐκ</em></span> <span class='ocrx_word' id='word_1_114' title='bbox 1114 1353 1359 1406; x_wconf 71' lang='grc' dir='ltr'><em>ἀφίγμεθα;</em></span> 
     </span>
     <span class='ocr_line' id='line_1_19' title="bbox 453 1421 1405 1479; baseline -0.005 -12"><span class='ocrx_word' id='word_1_115' title='bbox 453 1421 679 1479; x_wconf 83' lang='grc' dir='ltr'><em>ὀλούμεθ’,</em></span> <span class='ocrx_word' id='word_1_116' title='bbox 713 1422 745 1466; x_wconf 84' lang='grc' dir='ltr'><em>ὦ</em></span> <span class='ocrx_word' id='word_1_117' title='bbox 778 1421 911 1477; x_wconf 68' lang='grc' dir='ltr'><em>τέκν’,</em></span> <span class='ocrx_word' id='word_1_118' title='bbox 945 1424 1307 1477; x_wconf 85' lang='grc' dir='ltr'><em>έκδοθησόμεσθα</em></span> <span class='ocrx_word' id='word_1_119' title='bbox 1341 1423 1405 1475; x_wconf 90' lang='grc' dir='ltr'><em>δή.</em></span> 
     </span>
     <span class='ocr_line' id='line_1_20' title="bbox 452 1490 1489 1550; baseline -0.006 -13"><span class='ocrx_word' id='word_1_120' title='bbox 452 1496 591 1550; x_wconf 82' lang='grc' dir='ltr'><em>κάμοῦ</em></span> <span class='ocrx_word' id='word_1_121' title='bbox 624 1493 703 1550; x_wconf 76' lang='grc' dir='ltr'><em>μὲν</em></span> <span class='ocrx_word' id='word_1_122' title='bbox 736 1492 867 1536; x_wconf 74' lang='grc' dir='ltr'><em>οὐδὲν</em></span> <span class='ocrx_word' id='word_1_123' title='bbox 899 1498 942 1536; x_wconf 76' lang='grc' dir='ltr'><em>εί</em></span> <span class='ocrx_word' id='word_1_124' title='bbox 968 1510 1018 1548; x_wconf 90' lang='grc' dir='ltr'><em>με</em></span> <span class='ocrx_word' id='word_1_125' title='bbox 1050 1494 1130 1548; x_wconf 86' lang='grc' dir='ltr'><em>χρὴ</em></span> <span class='ocrx_word' id='word_1_126' title='bbox 1164 1497 1321 1534; x_wconf 84' lang='grc' dir='ltr'><em>θανεῖν</em></span> <span class='ocrx_word' id='word_1_127' title='bbox 1354 1490 1489 1545; x_wconf 79' lang='grc' dir='ltr'><em>μέλει,</em></span> 
     </span>
     <span class='ocr_line' id='line_1_21' title="bbox 451 1561 1595 1620; baseline -0.005 -13"><span class='ocrx_word' id='word_1_128' title='bbox 451 1568 564 1620; x_wconf 87' lang='grc' dir='ltr'><em>πλὴν</em></span> <span class='ocrx_word' id='word_1_129' title='bbox 597 1570 640 1607; x_wconf 74' lang='grc' dir='ltr'><em>εἴ</em></span> <span class='ocrx_word' id='word_1_130' title='bbox 665 1582 706 1607; x_wconf 88' lang='grc' dir='ltr'><em>τι</em></span> <span class='ocrx_word' id='word_1_131' title='bbox 737 1567 880 1619; x_wconf 79' lang='grc' dir='ltr'><em>τέρψω</em></span> <span class='ocrx_word' id='word_1_132' title='bbox 911 1566 1014 1614; x_wconf 86' lang='grc' dir='ltr'><em>τοὺς</em></span> <span class='ocrx_word' id='word_1_133' title='bbox 1045 1564 1175 1618; x_wconf 82' lang='grc' dir='ltr'><em>ἐμοὺς</em></span> <span class='ocrx_word' id='word_1_134' title='bbox 1207 1563 1395 1617; x_wconf 83' lang='grc' dir='ltr'><em>ἐχθροὺς</em></span> <span class='ocrx_word' id='word_1_135' title='bbox 1425 1561 1595 1602; x_wconf 72' lang='grc' dir='ltr'><em>θανών*</em></span> 
     </span>
     <span class='ocr_line' id='line_1_22' title="bbox 453 1632 1783 1690; baseline -0.006 -13"><span class='ocrx_word' id='word_1_136' title='bbox 453 1637 562 1690; x_wconf 85' lang='grc' dir='ltr'><em>ὑμᾶς</em></span> <span class='ocrx_word' id='word_1_137' title='bbox 595 1635 640 1677; x_wconf 77' lang='grc' dir='ltr'><em>δὲ</em></span> <span class='ocrx_word' id='word_1_138' title='bbox 673 1638 807 1677; x_wconf 85' lang='grc' dir='ltr'><em>κλαίω</em></span> <span class='ocrx_word' id='word_1_139' title='bbox 840 1634 910 1676; x_wconf 86' lang='grc' dir='ltr'><em>καὶ</em></span> <span class='ocrx_word' id='word_1_140' title='bbox 942 1636 1242 1687; x_wconf 83' lang='grc' dir='ltr'><em>κατοικτείρω,</em></span> <span class='ocrx_word' id='word_1_141' title='bbox 1275 1632 1421 1683; x_wconf 82' lang='grc' dir='ltr'><em>τέκνα,</em></span> <span class='ocrx_word' id='word_1_142' title='bbox 1716 1639 1783 1669; x_wconf 85' lang='grc'><em>445</em></span> 
     </span>
     <span class='ocr_line' id='line_1_23' title="bbox 449 1702 1511 1760; baseline -0.005 -13"><span class='ocrx_word' id='word_1_143' title='bbox 449 1706 519 1747; x_wconf 87' lang='grc' dir='ltr'><em>καὶ</em></span> <span class='ocrx_word' id='word_1_144' title='bbox 552 1707 631 1760; x_wconf 85' lang='grc' dir='ltr'><em>τὴν</em></span> <span class='ocrx_word' id='word_1_145' title='bbox 663 1707 846 1759; x_wconf 83' lang='grc' dir='ltr'><em>γεραιὰν</em></span> <span class='ocrx_word' id='word_1_146' title='bbox 879 1703 1025 1759; x_wconf 87' lang='grc' dir='ltr'><em>μητέρ’</em></span> <span class='ocrx_word' id='word_1_147' title='bbox 1059 1702 1305 1757; x_wconf 83' lang='grc' dir='ltr'><em>Ἀλκμήνην</em></span> <span class='ocrx_word' id='word_1_148' title='bbox 1338 1703 1511 1756; x_wconf 85' lang='grc' dir='ltr'><em>πατρός.</em></span> 
     </span>
     <span class='ocr_line' id='line_1_24' title="bbox 451 1774 1415 1829; baseline -0.004 -11"><span class='ocrx_word' id='word_1_149' title='bbox 451 1774 482 1818; x_wconf 84' lang='grc' dir='ltr'><strong>ὦ</strong></span> <span class='ocrx_word' id='word_1_150' title='bbox 518 1777 785 1818; x_wconf 86' lang='grc' dir='ltr'><em>δυστάλαινα</em></span> <span class='ocrx_word' id='word_1_151' title='bbox 818 1781 896 1817; x_wconf 90' lang='grc' dir='ltr'><em>τοῦ</em></span> <span class='ocrx_word' id='word_1_152' title='bbox 929 1781 1097 1829; x_wconf 88' lang='grc' dir='ltr'><em>μακροῦ</em></span> <span class='ocrx_word' id='word_1_153' title='bbox 1130 1777 1230 1828; x_wconf 85' lang='grc' dir='ltr'><em>βίου</em></span> <span class='ocrx_word' id='word_1_154' title='bbox 1263 1774 1415 1825; x_wconf 85' lang='grc' dir='ltr'><em>σέθεν,</em></span> 
     </span>
     <span class='ocr_line' id='line_1_25' title="bbox 450 1843 1472 1900; baseline -0.004 -13"><span class='ocrx_word' id='word_1_155' title='bbox 450 1849 626 1900; x_wconf 83' lang='grc' dir='ltr'><em>τλήμων</em></span> <span class='ocrx_word' id='word_1_156' title='bbox 660 1844 705 1887; x_wconf 73' lang='grc' dir='ltr'><em>δὲ</em></span> <span class='ocrx_word' id='word_1_157' title='bbox 737 1845 855 1899; x_wconf 79' lang='grc' dir='ltr'><em>κάγὼ</em></span> <span class='ocrx_word' id='word_1_158' title='bbox 890 1846 1028 1886; x_wconf 81' lang='grc' dir='ltr'><em>πολλὰ</em></span> <span class='ocrx_word' id='word_1_159' title='bbox 1061 1846 1287 1898; x_wconf 90' lang='grc' dir='ltr'><em>μοχθήσας</em></span> <span class='ocrx_word' id='word_1_160' title='bbox 1319 1843 1472 1898; x_wconf 83' lang='grc' dir='ltr'><em>μάτην.</em></span> 
     </span>
     <span class='ocr_line' id='line_1_26' title="bbox 451 1910 1588 1970; baseline -0.004 -12"><span class='ocrx_word' id='word_1_161' title='bbox 451 1923 560 1970; x_wconf 80' lang='grc' dir='ltr'><em>χρῆν</em></span> <span class='ocrx_word' id='word_1_162' title='bbox 592 1923 701 1970; x_wconf 82' lang='grc' dir='ltr'><em>χρῆν</em></span> <span class='ocrx_word' id='word_1_163' title='bbox 734 1913 801 1970; x_wconf 75' lang='grc' dir='ltr'><em>ἄρ’</em></span> <span class='ocrx_word' id='word_1_164' title='bbox 839 1916 949 1969; x_wconf 77' lang='grc' dir='ltr'><em>ἡμᾶς</em></span> <span class='ocrx_word' id='word_1_165' title='bbox 981 1914 1142 1968; x_wconf 80' lang='grc' dir='ltr'><em>ἀνδρὸς</em></span> <span class='ocrx_word' id='word_1_166' title='bbox 1174 1916 1234 1963; x_wconf 82' lang='grc' dir='ltr'><em>εἰς</em></span> <span class='ocrx_word' id='word_1_167' title='bbox 1267 1913 1431 1968; x_wconf 81' lang='grc' dir='ltr'><em>ἐχθροῦ</em></span> <span class='ocrx_word' id='word_1_168' title='bbox 1463 1910 1588 1967; x_wconf 83' lang='grc' dir='ltr'><em>χέρας</em></span> 
     </span>
     <span class='ocr_line' id='line_1_27' title="bbox 451 1984 1786 2040; baseline -0.006 -12"><span class='ocrx_word' id='word_1_169' title='bbox 451 1989 661 2035; x_wconf 85' lang='grc' dir='ltr'><em>πεσόντας</em></span> <span class='ocrx_word' id='word_1_170' title='bbox 693 1988 881 2040; x_wconf 83' lang='grc' dir='ltr'><em>αἰσχρῶς</em></span> <span class='ocrx_word' id='word_1_171' title='bbox 912 1984 982 2026; x_wconf 81' lang='grc' dir='ltr'><em>καὶ</em></span> <span class='ocrx_word' id='word_1_172' title='bbox 1014 1992 1154 2034; x_wconf 85' lang='grc' dir='ltr'><em>κακῶς</em></span> <span class='ocrx_word' id='word_1_173' title='bbox 1185 1987 1327 2025; x_wconf 88' lang='grc' dir='ltr'><em>λιπεῖν</em></span> <span class='ocrx_word' id='word_1_174' title='bbox 1358 1985 1469 2037; x_wconf 89' lang='grc' dir='ltr'><em>βίον.</em></span> <span class='ocrx_word' id='word_1_175' title='bbox 1717 1991 1786 2020; x_wconf 85' lang='grc'><em>450</em></span> 
     </span>
     <span class='ocr_line' id='line_1_28' title="bbox 453 2053 1580 2110; baseline -0.005 -11"><span class='ocrx_word' id='word_1_176' title='bbox 453 2055 544 2099; x_wconf 77' lang='grc' dir='ltr'><em>ἀλλ’</em></span> <span class='ocrx_word' id='word_1_177' title='bbox 583 2055 700 2098; x_wconf 80' lang='grc' dir='ltr'><em>οἷσθ’</em></span> <span class='ocrx_word' id='word_1_178' title='bbox 738 2057 760 2097; x_wconf 84' lang='grc' dir='ltr'>ὅ</span> <span class='ocrx_word' id='word_1_179' title='bbox 793 2073 867 2107; x_wconf 88' lang='grc' dir='ltr'><em>μοι</em></span> <span class='ocrx_word' id='word_1_180' title='bbox 900 2056 1176 2110; x_wconf 81' lang='grc' dir='ltr'><em>σύμπραξον;</em></span> <span class='ocrx_word' id='word_1_181' title='bbox 1211 2055 1290 2109; x_wconf 87' lang='grc' dir='ltr'><em>οὐχ</em></span> <span class='ocrx_word' id='word_1_182' title='bbox 1323 2054 1466 2095; x_wconf 76' lang='grc' dir='ltr'><em>ἅπασα</em></span> <span class='ocrx_word' id='word_1_183' title='bbox 1498 2053 1580 2106; x_wconf 84' lang='grc' dir='ltr'><em>γὰρ</em></span> 
     </span>
     <span class='ocr_line' id='line_1_29' title="bbox 453 2125 1361 2181; baseline -0.004 -12"><span class='ocrx_word' id='word_1_184' title='bbox 453 2127 669 2181; x_wconf 80' lang='grc' dir='ltr'><em>πέφευγεν</em></span> <span class='ocrx_word' id='word_1_185' title='bbox 704 2125 822 2175; x_wconf 77' lang='grc' dir='ltr'><em>ἐλπὶς</em></span> <span class='ocrx_word' id='word_1_186' title='bbox 854 2125 995 2167; x_wconf 82' lang='grc' dir='ltr'><em>τῶνδέ</em></span> <span class='ocrx_word' id='word_1_187' title='bbox 1025 2141 1097 2180; x_wconf 92' lang='grc' dir='ltr'><em>μοι</em></span> <span class='ocrx_word' id='word_1_188' title='bbox 1130 2127 1361 2179; x_wconf 86' lang='grc' dir='ltr'><em>σωτηρίας·</em></span> 
     </span>
     <span class='ocr_line' id='line_1_30' title="bbox 453 2193 1436 2252; baseline -0.006 -12"><span class='ocrx_word' id='word_1_189' title='bbox 453 2197 516 2252; x_wconf 74' lang='grc' dir='ltr'><em>ἔμ’</em></span> <span class='ocrx_word' id='word_1_190' title='bbox 555 2199 679 2247; x_wconf 72' lang='grc' dir='ltr'><em>ε”κδος</em></span> <span class='ocrx_word' id='word_1_191' title='bbox 707 2196 966 2250; x_wconf 78' lang='grc' dir='ltr'><em>Ἀργείοισιν</em></span> <span class='ocrx_word' id='word_1_192' title='bbox 1000 2194 1095 2237; x_wconf 84' lang='grc' dir='ltr'><em>ἀντὶ</em></span> <span class='ocrx_word' id='word_1_193' title='bbox 1127 2194 1277 2248; x_wconf 85' lang='grc' dir='ltr'><em>τῶνδ’,</em></span> <span class='ocrx_word' id='word_1_194' title='bbox 1310 2193 1436 2246; x_wconf 76' lang='grc' dir='ltr'><em>ἄναξ,</em></span> 
     </span>
     <span class='ocr_line' id='line_1_31' title="bbox 454 2264 1328 2322; baseline -0.005 -13"><span class='ocrx_word' id='word_1_195' title='bbox 454 2267 524 2309; x_wconf 84' lang='grc' dir='ltr'><em>καὶ</em></span> <span class='ocrx_word' id='word_1_196' title='bbox 557 2270 659 2322; x_wconf 89' lang='grc' dir='ltr'><em>μήτε</em></span> <span class='ocrx_word' id='word_1_197' title='bbox 692 2268 924 2309; x_wconf 85' lang='grc' dir='ltr'><em>κινδύνευε</em></span> <span class='ocrx_word' id='word_1_198' title='bbox 957 2267 1145 2319; x_wconf 90' lang='grc' dir='ltr'><em>σωθήτω</em></span> <span class='ocrx_word' id='word_1_199' title='bbox 1177 2264 1225 2306; x_wconf 90' lang='grc' dir='ltr'><em>τέ</em></span> <span class='ocrx_word' id='word_1_200' title='bbox 1255 2280 1328 2319; x_wconf 93' lang='grc' dir='ltr'><em>μοι</em></span> 
     </span>
     <span class='ocr_line' id='line_1_32' title="bbox 455 2334 1784 2391; baseline -0.005 -14"><span class='ocrx_word' id='word_1_201' title='bbox 455 2337 588 2379; x_wconf 82' lang='grc' dir='ltr'><em>τέκν’·</em></span> <span class='ocrx_word' id='word_1_202' title='bbox 623 2338 674 2379; x_wconf 82' lang='grc' dir='ltr'><em>οὐ</em></span> <span class='ocrx_word' id='word_1_203' title='bbox 707 2341 851 2391; x_wconf 86' lang='grc' dir='ltr'><em>φιλεῖν</em></span> <span class='ocrx_word' id='word_1_204' title='bbox 884 2338 950 2378; x_wconf 87' lang='grc' dir='ltr'><em>δεῖ</em></span> <span class='ocrx_word' id='word_1_205' title='bbox 980 2337 1060 2389; x_wconf 85' lang='grc' dir='ltr'><em>τὴν</em></span> <span class='ocrx_word' id='word_1_206' title='bbox 1092 2334 1200 2389; x_wconf 85' lang='grc' dir='ltr'><em>ἐμὴν</em></span> <span class='ocrx_word' id='word_1_207' title='bbox 1231 2335 1392 2388; x_wconf 84' lang='grc' dir='ltr'><em>ψυχήν·</em></span> <span class='ocrx_word' id='word_1_208' title='bbox 1427 2337 1514 2374; x_wconf 69' lang='grc' dir='ltr'><em>[τω.</em></span> <span class='ocrx_word' id='word_1_209' title='bbox 1715 2341 1784 2371; x_wconf 88' lang='grc'><em>455</em></span> 
     </span>
    </p>
   </div>
   <div class='ocr_carea' id='block_1_3' title="bbox 282 2462 1791 2883">
    <p class='ocr_par' dir='ltr' id='par_1_3' title="bbox 282 2462 1791 2883">
     <span class='ocr_line' id='line_1_33' title="bbox 374 2462 1742 2516; baseline -0.007 -11"><span class='ocrx_word' id='word_1_210' title='bbox 374 2476 442 2505; x_wconf 71' lang='grc'><em>425</em></span> <span class='ocrx_word' id='word_1_211' title='bbox 481 2469 556 2505; x_wconf 69' lang='grc' dir='ltr'><em>ἀλλ’</em></span> <span class='ocrx_word' id='word_1_212' title='bbox 599 2466 636 2516; x_wconf 80' lang='grc' dir='ltr'><em>ἧ]</em></span> <span class='ocrx_word' id='word_1_213' title='bbox 675 2470 788 2504; x_wconf 67' lang='grc' dir='ltr'><em>πάλαι,</em></span> <span class='ocrx_word' id='word_1_214' title='bbox 827 2469 996 2513; x_wconf 78' lang='lat' dir='ltr'>Camper,</span> <span class='ocrx_word' id='word_1_215' title='bbox 1036 2463 1056 2510; x_wconf 84' lang='grc' dir='ltr'><em>ἧ</em></span> <span class='ocrx_word' id='word_1_216' title='bbox 1095 2480 1167 2501; x_wconf 87' lang='grc' dir='ltr'><em>που</em></span> <span class='ocrx_word' id='word_1_217' title='bbox 1205 2465 1410 2509; x_wconf 76' lang='lat' dir='ltr'>Kirehhoff,</span> <span class='ocrx_word' id='word_1_218' title='bbox 1450 2465 1532 2499; x_wconf 70' lang='lat' dir='ltr'>fort.</span> <span class='ocrx_word' id='word_1_219' title='bbox 1570 2463 1632 2497; x_wconf 81' lang='grc' dir='ltr'><em>καὶ</em></span> <span class='ocrx_word' id='word_1_220' title='bbox 1672 2462 1742 2506; x_wconf 79' lang='grc' dir='ltr'><em>μὴν</em></span> 
     </span>
     <span class='ocr_line' id='line_1_34' title="bbox 282 2514 1760 2570; baseline -0.007 -12"><span class='ocrx_word' id='word_1_221' title='bbox 282 2529 349 2559; x_wconf 72' lang='lat'><em>426</em></span> <span class='ocrx_word' id='word_1_222' title='bbox 377 2523 569 2570; x_wconf 78' lang='grc' dir='ltr'><em>χρῄζουσιν</em></span> <span class='ocrx_word' id='word_1_223' title='bbox 593 2523 827 2564; x_wconf 60' lang='grc' dir='ltr'><em>Ηθτννωίῑῖθῃ,</em></span> <span class='ocrx_word' id='word_1_224' title='bbox 855 2522 937 2555; x_wconf 73' lang='lat' dir='ltr'>fort.</span> <span class='ocrx_word' id='word_1_225' title='bbox 964 2522 1084 2554; x_wconf 81' lang='grc' dir='ltr'><em>τοῖσδε</em></span> <span class='ocrx_word' id='word_1_226' title='bbox 1111 2520 1302 2565; x_wconf 82' lang='grc' dir='ltr'><em>χρῄζουσιν</em></span> <span class='ocrx_word' id='word_1_227' title='bbox 1356 2522 1423 2552; x_wconf 75' lang='lat'><em>427</em></span> <span class='ocrx_word' id='word_1_228' title='bbox 1451 2517 1571 2561; x_wconf 74' lang='grc' dir='ltr'><em>ἕιγμεν</em></span> <span class='ocrx_word' id='word_1_229' title='bbox 1597 2514 1760 2559; x_wconf 76' lang='lat' dir='ltr'>Scaliger</span> 
     </span>
     <span class='ocr_line' id='line_1_35' title="bbox 283 2565 1789 2616; baseline -0.007 -5"><span class='ocrx_word' id='word_1_230' title='bbox 283 2576 526 2611; x_wconf 72' lang='grc' dir='ltr'><em>ναυτίλλοισιν</em></span> <span class='ocrx_word' id='word_1_231' title='bbox 554 2577 631 2610; x_wconf 86' lang='lat' dir='ltr'><em>LP</em></span> <span class='ocrx_word' id='word_1_232' title='bbox 738 2579 804 2608; x_wconf 87' lang='lat'><em>430</em></span> <span class='ocrx_word' id='word_1_233' title='bbox 831 2580 1020 2608; x_wconf 76' lang='grc' dir='ltr'><em>πνοιαῖσιν</em></span> <span class='ocrx_word' id='word_1_234' title='bbox 1047 2573 1123 2606; x_wconf 87' lang='lat' dir='ltr'><em>LP</em></span> <span class='ocrx_word' id='word_1_235' title='bbox 1229 2577 1295 2606; x_wconf 83' lang='lat'><em>431</em></span> <span class='ocrx_word' id='word_1_236' title='bbox 1324 2570 1356 2616; x_wconf 78' lang='grc' dir='ltr'><em>χ’</em></span> <span class='ocrx_word' id='word_1_237' title='bbox 1387 2571 1489 2615; x_wconf 51' lang='grc' dir='ltr'><em>’ἡμεῖς</em></span> <span class='ocrx_word' id='word_1_238' title='bbox 1514 2569 1564 2611; x_wconf 77' lang='lat' dir='ltr'><em>L,</em></span> <span class='ocrx_word' id='word_1_239' title='bbox 1599 2567 1663 2601; x_wconf 74' lang='lat' dir='ltr'><em>sed</em></span> <span class='ocrx_word' id='word_1_240' title='bbox 1689 2565 1721 2612; x_wconf 89' lang='grc' dir='ltr'><em>χ’</em></span> <span class='ocrx_word' id='word_1_241' title='bbox 1751 2566 1789 2599; x_wconf 81' lang='lat' dir='ltr'><em>in</em></span> 
     </span>
     <span class='ocr_line' id='line_1_36' title="bbox 283 2619 1790 2670; baseline -0.007 -7"><span class='ocrx_word' id='word_1_242' title='bbox 283 2642 353 2663; x_wconf 65' lang='lat' dir='ltr'>ras.</span> <span class='ocrx_word' id='word_1_243' title='bbox 382 2640 447 2663; x_wconf 70' lang='lat' dir='ltr'><em>ser.</em></span> <span class='ocrx_word' id='word_1_244' title='bbox 477 2630 487 2663; x_wconf 79' lang='lat' dir='ltr'><em>l</em></span> <span class='ocrx_word' id='word_1_245' title='bbox 583 2632 649 2661; x_wconf 66' lang='lat'>4:32</span> <span class='ocrx_word' id='word_1_246' title='bbox 678 2627 889 2670; x_wconf 77' lang='grc' dir='ltr'><em>σεσωσμένοι</em></span> <span class='ocrx_word' id='word_1_247' title='bbox 919 2627 996 2660; x_wconf 84' lang='lat' dir='ltr'><em>LP</em></span> <span class='ocrx_word' id='word_1_248' title='bbox 1087 2629 1155 2658; x_wconf 85' lang='lat'><em>433</em></span> <span class='ocrx_word' id='word_1_249' title='bbox 1183 2625 1336 2669; x_wconf 78' lang='grc' dir='ltr'><em>ἔτρεψας</em></span> <span class='ocrx_word' id='word_1_250' title='bbox 1362 2625 1396 2658; x_wconf 87' lang='grc' dir='ltr'><em>Ρ</em></span> <span class='ocrx_word' id='word_1_251' title='bbox 1487 2626 1554 2655; x_wconf 83' lang='lat'><em>435</em></span> <span class='ocrx_word' id='word_1_252' title='bbox 1582 2619 1790 2664; x_wconf 78' lang='grc' dir='ltr'><em>συγγνωστὰ</em></span> 
     </span>
     <span class='ocr_line' id='line_1_37' title="bbox 283 2671 1744 2726; baseline -0.008 -10"><span class='ocrx_word' id='word_1_253' title='bbox 283 2683 361 2715; x_wconf 84' lang='lat' dir='ltr'><em>LP</em></span> <span class='ocrx_word' id='word_1_254' title='bbox 381 2684 383 2726; x_wconf 52' lang='lat'>1</span> <span class='ocrx_word' id='word_1_255' title='bbox 407 2682 513 2715; x_wconf 76' lang='grc' dir='ltr'><em>τοῦδε</em></span> <span class='ocrx_word' id='word_1_256' title='bbox 541 2680 587 2724; x_wconf 83' lang='grc' dir='ltr'><em>μὴ</em></span> <span class='ocrx_word' id='word_1_257' title='bbox 612 2682 654 2723; x_wconf 81' lang='lat' dir='ltr'><em>P,</em></span> <span class='ocrx_word' id='word_1_258' title='bbox 681 2691 768 2713; x_wconf 75' lang='lat' dir='ltr'>corr.</span> <span class='ocrx_word' id='word_1_259' title='bbox 792 2691 819 2723; x_wconf 71' lang='lat' dir='ltr'><em>p</em></span> <span class='ocrx_word' id='word_1_260' title='bbox 843 2682 845 2724; x_wconf 85' lang='grc' dir='ltr'>Ι</span> <span class='ocrx_word' id='word_1_261' title='bbox 869 2679 985 2724; x_wconf 79' lang='grc' dir='ltr'><em>θέλει]</em></span> <span class='ocrx_word' id='word_1_262' title='bbox 1006 2677 1180 2721; x_wconf 66' lang='lat' dir='ltr'><em>Elmsley,</em></span> <span class='ocrx_word' id='word_1_263' title='bbox 1205 2677 1310 2711; x_wconf 78' lang='grc' dir='ltr'><em>θέλοι</em></span> <span class='ocrx_word' id='word_1_264' title='bbox 1329 2677 1407 2710; x_wconf 85' lang='lat' dir='ltr'><em>LP</em></span> <span class='ocrx_word' id='word_1_265' title='bbox 1465 2677 1529 2708; x_wconf 86' lang='lat'><em>437</em></span> <span class='ocrx_word' id='word_1_266' title='bbox 1547 2685 1597 2716; x_wconf 80' lang='lat' dir='ltr'><em>sq.</em></span> <span class='ocrx_word' id='word_1_267' title='bbox 1627 2671 1744 2705; x_wconf 72' lang='lat' dir='ltr'>delevi</span> 
     </span>
     <span class='ocr_line' id='line_1_38' title="bbox 284 2722 1791 2777; baseline -0.007 -10"><span class='ocrx_word' id='word_1_268' title='bbox 284 2739 351 2767; x_wconf 70' lang='lat'><em>438</em></span> <span class='ocrx_word' id='word_1_269' title='bbox 385 2733 444 2777; x_wconf 72' lang='grc' dir='ltr'><em>ἐμὲ</em></span> <span class='ocrx_word' id='word_1_270' title='bbox 478 2734 512 2766; x_wconf 85' lang='lat' dir='ltr'><em>P</em></span> <span class='ocrx_word' id='word_1_271' title='bbox 629 2736 696 2766; x_wconf 85' lang='lat'><em>443</em></span> <span class='ocrx_word' id='word_1_272' title='bbox 723 2733 832 2775; x_wconf 72' lang='grc' dir='ltr'><em>κάμοὶ</em></span> <span class='ocrx_word' id='word_1_273' title='bbox 865 2732 907 2765; x_wconf 91' lang='lat' dir='ltr'><em>H.</em></span> <span class='ocrx_word' id='word_1_274' title='bbox 931 2731 1138 2776; x_wconf 75' lang='lat' dir='ltr'>Stephanus</span> <span class='ocrx_word' id='word_1_275' title='bbox 1258 2734 1324 2763; x_wconf 79' lang='lat'><em>447</em></span> <span class='ocrx_word' id='word_1_276' title='bbox 1352 2734 1415 2762; x_wconf 88' lang='grc' dir='ltr'><em>τοῦ</em></span> <span class='ocrx_word' id='word_1_277' title='bbox 1448 2723 1678 2770; x_wconf 81' lang='grc' dir='ltr'><em>μακραίωνος</em></span> <span class='ocrx_word' id='word_1_278' title='bbox 1709 2722 1791 2769; x_wconf 86' lang='grc' dir='ltr'><em>βίου</em></span> 
     </span>
     <span class='ocr_line' id='line_1_39' title="bbox 284 2775 1698 2830; baseline -0.007 -11"><span class='ocrx_word' id='word_1_279' title='bbox 284 2787 416 2820; x_wconf 75' lang='lat' dir='ltr'>Nauck</span> <span class='ocrx_word' id='word_1_280' title='bbox 531 2789 598 2819; x_wconf 80' lang='lat'><em>440</em></span> <span class='ocrx_word' id='word_1_281' title='bbox 627 2785 740 2830; x_wconf 80' lang='grc' dir='ltr'><em>ε’χθοῡ</em></span> <span class='ocrx_word' id='word_1_282' title='bbox 768 2785 810 2828; x_wconf 75' lang='lat' dir='ltr'><em>P,</em></span> <span class='ocrx_word' id='word_1_283' title='bbox 839 2795 926 2817; x_wconf 80' lang='lat' dir='ltr'>corr.</span> <span class='ocrx_word' id='word_1_284' title='bbox 950 2796 978 2828; x_wconf 69' lang='lat'><em>2)</em></span> <span class='ocrx_word' id='word_1_285' title='bbox 1088 2787 1156 2817; x_wconf 90' lang='lat'><em>450</em></span> <span class='ocrx_word' id='word_1_286' title='bbox 1181 2783 1243 2816; x_wconf 78' lang='grc' dir='ltr'><em>καὶ</em></span> <span class='ocrx_word' id='word_1_287' title='bbox 1269 2781 1403 2826; x_wconf 80' lang='grc' dir='ltr'><em>κακῶς]</em></span> <span class='ocrx_word' id='word_1_288' title='bbox 1429 2779 1511 2813; x_wconf 69' lang='lat' dir='ltr'>fort.</span> <span class='ocrx_word' id='word_1_289' title='bbox 1538 2775 1698 2816; x_wconf 75' lang='grc' dir='ltr'><em>κάδίκως</em></span> 
     </span>
     <span class='ocr_line' id='line_1_40' title="bbox 286 2827 1612 2883; baseline -0.006 -13"><span class='ocrx_word' id='word_1_290' title='bbox 286 2843 354 2871; x_wconf 70' lang='lat'><em>452</em></span> <span class='ocrx_word' id='word_1_291' title='bbox 382 2839 522 2883; x_wconf 62' lang='lat' dir='ltr'><em>[imma]</em></span> <span class='ocrx_word' id='word_1_292' title='bbox 548 2839 591 2871; x_wconf 79' lang='lat' dir='ltr'><em>H.</em></span> <span class='ocrx_word' id='word_1_293' title='bbox 621 2837 838 2881; x_wconf 62' lang='lat' dir='ltr'><em>Stephanus,</em></span> <span class='ocrx_word' id='word_1_294' title='bbox 865 2836 975 2870; x_wconf 68' lang='grc' dir='ltr'><em>ἅπασι</em></span> <span class='ocrx_word' id='word_1_295' title='bbox 1005 2836 1084 2869; x_wconf 80' lang='lat' dir='ltr'><em>LP</em></span> <span class='ocrx_word' id='word_1_296' title='bbox 1176 2838 1242 2868; x_wconf 85' lang='lat'><em>455</em></span> <span class='ocrx_word' id='word_1_297' title='bbox 1269 2832 1378 2867; x_wconf 77' lang='grc' dir='ltr'><em>τέκνα</em></span> <span class='ocrx_word' id='word_1_298' title='bbox 1403 2832 1447 2874; x_wconf 69' lang='lat' dir='ltr'><em>L,</em></span> <span class='ocrx_word' id='word_1_299' title='bbox 1474 2827 1569 2864; x_wconf 77' lang='grc' dir='ltr'><em>τέκν’</em></span> <span class='ocrx_word' id='word_1_300' title='bbox 1601 2830 1612 2862; x_wconf 76' lang='grc' dir='ltr'><strong><em>ἶ</em></strong></span> 
     </span>
    </p>
   </div>
  </div>
 </body>
</html>
