1967 3147
291 128 345 169 28
910 135 1176 168 ΕΤΡΙΠΙΔΟΤ

465 243 550 278 ποῦ
583 245 666 280 νῦν
698 240 866 289 ἅπεστι;
897 242 961 289 τίς
992 257 1064 281 νιν
1098 238 1213 295 εἶργε
1245 243 1451 295 συμφορὰ

466 309 549 348 σὺν
582 307 652 349 σοὶ
684 308 877 362 φανέντα
910 309 1030 364 δεῦρ’
1066 311 1172 365 ἐμὴν
1203 311 1356 364 τέρψαι
1388 311 1549 364 φρένας

291 379 378 417 ΘΕ.
465 379 650 432 στρατὸν
682 382 851 430 καθίζει
882 381 1088 422 τάσσεταί
1115 378 1162 422 θ’
1201 382 1252 423 ὃν
1284 379 1383 435 ἦλθ’
1422 385 1543 436 ἔχων.

295 450 384 487 ΑΛ.
467 446 588 489 τοῦδ’
627 448 777 490 οὐκέθ’
814 449 919 504 ἡμῖν
950 457 1028 492 τοῦ
1061 453 1196 505 λόγου
1227 451 1395 506 μέτεστι
1429 453 1494 505 δή.
1728 464 1794 494 665

289 519 366 558 ΙΟ.
463 518 677 571 μέτεστιν·
710 519 832 573 ἡμῶν
865 519 903 562 δ’
941 523 1071 575 ἔργον
1106 523 1294 575 ἱστορεῖν
1325 523 1438 564 τάδε.

290 590 376 628 ΘΕ.
462 590 506 629 τί
536 590 642 642 δῆτα
674 591 824 643 βούλει
856 599 942 633 τῶν
974 592 1290 647 πεπραγμένων
1322 597 1501 647 μαθεϊνς

289 660 365 699 ΙΟ.
462 661 601 700 πόσον
634 676 674 701 τι
705 664 875 714 πλῆθος
908 663 1145 716 συμμάχων
1177 662 1350 717 πάρεστ’
1389 665 1517 717 ἔχωνς

289 730 376 769 ΘΕ.
460 731 668 779 πολλούς·
702 730 895 784 ἀριθμὸν
929 731 968 773 δ’
1007 734 1140 774 ἄλλον
1174 734 1252 775 οὐκ
1286 736 1366 788 ἔχω
1400 735 1574 789 φράσαι.

287 801 362 839 ΙΟ.
463 803 627 853 ἴσασιν,
662 797 802 854 οἶμαι,
834 801 952 844 ταῦτ’
984 802 1231 857 Ἀθηναίων
1262 806 1433 858 πρόμοι.
1728 815 1794 845 670

289 871 374 910 ΘΕ.
461 873 597 910 ἴσασι·
629 870 700 912 καὶ
734 872 786 924 δὴ
821 873 945 913 λαιὸν
978 872 1156 926 ἔστηκεν
1188 873 1325 927 κέρας.

287 940 362 980 ΙΟ.
460 940 543 992 ἤδη
576 942 658 993 γὰρ
692 941 748 990 ὡς
781 942 822 991 ἐς
855 944 984 995 ἔργον
1017 943 1226 984 ὥπλισται
1258 946 1454 998 στρατός;

290 1011 375 1049 ΘΕ.
461 1008 531 1050 καὶ
565 1011 617 1063 δὴ
650 1017 863 1065 παρῆκται
896 1013 1060 1066 σφάγια
1093 1014 1255 1063 τάξεων
1288 1013 1395 1063 ἑκάς.

287 1081 362 1120 ΙΟ.
461 1081 600 1122 πόσον
633 1097 672 1121 τι
705 1080 744 1122 δ’
783 1080 867 1123 ἔστ’
905 1083 1085 1125 ἄπωθεν
1114 1082 1309 1138 Ἀργεῖον
1343 1085 1470 1139 δόρυ;

287 1152 373 1190 ΘΕ.
460 1148 560 1191 ὥστ’
598 1151 833 1205 ἐξορᾶσθαι
865 1154 942 1194 τὸν
974 1156 1218 1208 στρατηγὸν
1251 1154 1465 1208 ἐμφανῶς.
1727 1166 1793 1196 675

287 1222 359 1260 ΙΟ.
458 1222 503 1261 τί
531 1222 722 1274 ὃρῶντα;
755 1230 849 1276 μῶν
880 1224 1096 1266 τάσσοντα
1128 1227 1348 1279 πολεμίων
1381 1227 1545 1279 στι’χας;

286 1293 372 1331 ΘΕ.
458 1289 671 1346 ᾐκάζομεν
702 1291 843 1334 ταῦτ’·
877 1294 929 1335 οὐ
961 1296 1043 1349 γὰρ
1076 1295 1349 1349 ἑξηκούομεν.

462 1360 552 1402 ἀλλ’
591 1359 695 1416 εἶμ’·
730 1363 917 1417 ἐρήμους
950 1365 1161 1415 δεσπότας
1192 1365 1357 1420 τούμὸν
1388 1365 1517 1420 μέρος

462 1431 541 1472 οὐκ
573 1432 627 1473 ἂν
659 1432 835 1488 θέλοιμι
867 1437 1114 1489 πολεμίοισι
1146 1438 1398 1490 συμβαλεῖν.

285 1503 358 1541 ΙΟ.
460 1502 627 1556 κᾶγωγε
661 1505 744 1545 σὺν
776 1507 863 1546 σοί·
894 1505 1028 1547 ταύτὰ
1059 1507 1141 1561 γάρ
1174 1509 1482 1560 φροντίζομεν,
1727 1518 1792 1548 680

459 1574 604 1626 φίλοις
635 1576 865 1626 παρόντες,
899 1576 956 1624 ὡς
990 1577 1184 1630 εὀιγμεν,
1217 1577 1414 1631 ὠφελεῖν.

286 1645 370 1683 ΘΕ.
457 1643 610 1696 ἥκιστα
641 1645 748 1698 πρὸς
781 1651 862 1686 σοῦ
894 1653 1042 1700 μῶρον
1073 1643 1128 1700 ἦν
1161 1648 1296 1688 εἰπεῖν
1329 1649 1440 1696 ἔ.πος

285 1715 362 1753 ΙΟ.
460 1712 530 1754 καὶ
563 1715 618 1767 μὴ
652 1723 877 1768 μετασχεῖν
911 1733 934 1769 γ
986 1717 1170 1770 ἀλκιμου
1203 1718 1340 1771 μάχης
1372 1720 1528 1771 φι’.λοις
1726 1729 1791 1759 683

285 1786 371 1824 ΘΕ.
458 1783 537 1824 οὐκ
571 1786 708 1837 ἑστιν,
742 1783 774 1826 ὦ
807 1792 905 1838 τᾶν,
939 1787 965 1840 η’
996 1785 1089 1828 ποτ’
1127 1785 1181 1840 ἥν
1213 1787 1333 1841 ρώμη
1367 1787 1512 1828 σε’.θεν
1725 1799 1790 1828 688

284 1856 360 1893 10.
459 1849 551 1894 ἀλλ’
588 1850 669 1895 οὖν
701 1858 924 1909 μαχοῦμαί
951 1855 990 1909 γ’
1030 1857 1221 1910 ἀριθμὸν
1254 1857 1333 1898 οὐκ
1366 1857 1580 1900 ἐλάσσοσι.

286 1926 372 1964 ΘΕ.
457 1925 640 1977 σμικρὸν
672 1925 720 1966 τὸ
753 1926 832 1967 σὸν
865 1929 1041 1980 σήκωμα
1074 1932 1328 1980 προστιθεῖς
1361 1930 1517 1981 φίλοις.
1725 1940 1791 1969 690

283 1996 358 2034 ΙΟ.
454 1995 500 2034 τί
528 1992 567 2034 δ’
605 1994 657 2036 οὐ
688 1994 865 2050 θένοιμι
897 1995 978 2037 κᾶν
1011 1996 1093 2050 ἐγὼ
1127 1995 1183 2038 δι’
1221 1997 1421 2047 άσπίδος;
1724 2009 1790 2039 685

287 2066 373 2104 ΘΕ.
457 2063 607 2113 θένοις
639 2066 714 2118 ἄν,
748 2065 855 2107 ἀλλὰ
887 2068 1084 2120 πρόσθεν
1117 2067 1245 2116 αὐτὸς
1278 2066 1331 2108 ἂν
1362 2068 1521 2117 πέσοις.

283 2136 359 2176 ΙΟ.
456 2133 600 2183 οὐδεὶς
632 2131 695 2189 ἔμ’
732 2135 905 2189 ἐχθρῶν
937 2136 1224 2190 προσβλέπων
1257 2136 1462 2187 ἀνέξεται.
1724 2149 1790 2180 687

284 2207 369 2245 ΘΕ,
455 2204 534 2245 οὐκ
567 2203 651 2247 ἔστ’
689 2205 735 2246 ἐν
769 2207 865 2256 ὄψει
897 2213 1065 2261 τραῦμα
1098 2208 1154 2262 μὴ
1188 2208 1359 2261 δρώσης
1390 2210 1525 2261 χερός.
1723 2220 1790 2250 684

377 2323 443 2353 662
459 2319 559 2354 οὔπω
574 2320 724 2363 πάρεστι
735 2321 924 2356 Kirchhofi
975 2325 1041 2355 663
1056 2322 1235 2368 φανέντα]
1251 2322 1332 2357 fort.
1349 2321 1505 2366 μολόντα
1555 2327 1621 2357 664
1638 2324 1790 2367 στρατὸς

284 2374 368 2412 LP,
397 2373 550 2415 στρατὸν
577 2375 619 2416 72»
725 2378 791 2407 666
819 2373 956 2417 μέτεστί
982 2373 1016 2419 γ’
1045 2374 1198 2419 Camper
1295 2379 1361 2409 670
1388 2375 1481 2410 ἴσασι
1512 2377 1554 2419 P,
1582 2387 1668 2410 corr.
1691 2388 1719 2420 1)

284 2429 348 2458 672
377 2425 412 2464 ἐς
437 2425 496 2458 hio
523 2427 607 2468 LP,
636 2424 692 2460 ἐπ’
722 2426 853 2460 Nauck
927 2431 992 2461 673
1019 2427 1063 2461 τὰ
1089 2427 1228 2473 σφάγια
1255 2429 1266 2461 l
1288 2430 1291 2472 Ι
1314 2428 1432 2469 τάξων
1457 2429 1543 2471 LI',
1569 2428 1705 2470 τάξεων
1726 2442 1753 2473 1)
1783 2430 1785 2475 f

283 2477 382 2523 ἑκάς]
422 2478 533 2517 πέλας
572 2478 660 2512 olim
692 2479 864 2523 Dindorf‚
902 2479 1019 2524 πάρος
1049 2481 1219 2525 Hartung
1339 2485 1405 2514 677
1439 2481 1673 2526 ἐξηκούομεν]
1706 2481 1787 2516 fort.

283 2530 527 2574 ἐξικνούμεθα
619 2534 686 2565 680
713 2531 841 2578 ταύτὰ]
868 2533 958 2567 Aem
996 2533 1138 2576 Portus,
1164 2539 1278 2567 ταῦτα
1305 2534 1382 2566 LP
1464 2537 1527 2567 681
1557 2534 1604 2572 ὡς
1630 2532 1787 2580 ἔοιγμεν]

283 2584 348 2617 σὺν
379 2585 525 2617 θεοῖσιν
551 2582 680 2616 Vitem
778 2588 938 2618 684—90
972 2597 1139 2630 perverso
1166 2585 1292 2619 ordine
1322 2586 1461 2620 habent
1486 2586 1576 2629 LP,
1609 2597 1694 2620 nam
1721 2590 1787 2620 684

282 2637 365 2679 post
392 2639 457 2669 687
485 2637 522 2668 et
549 2637 633 2668 ante
655 2640 718 2669 691
748 2648 851 2669 suum
878 2637 998 2671 locum
1023 2639 1136 2672 habet
1162 2650 1203 2672 ac
1230 2649 1301 2672 non
1323 2640 1408 2672 ante
1428 2641 1494 2672 685
1516 2640 1696 2682 (versuum
1721 2643 1787 2673 684

283 2690 319 2721 et
345 2691 411 2721 688
440 2688 563 2721 sedem
589 2688 812 2731 pennutavit
837 2689 1043 2734 Musgrave)
1142 2695 1207 2724 685
1234 2689 1397 2735 &dvozfnuq
1423 2690 1589 2733 Pierson,
1619 2689 1787 2734 σθένοιμι

284 2741 361 2773 LP
420 2744 485 2773 686
511 2740 654 2785 θένοις]
682 2740 842 2784 Piemon,
870 2742 1016 2782 ostae‘votg
1042 2744 1119 2777 LP
1175 2748 1240 2777 688
1267 2743 1349 2777 fort.
1377 2741 1447 2776 ἔστ’
1478 2741 1526 2776 ἔτ’
1554 2744 1556 2787 Ι
1579 2742 1646 2777 τὰν
1668 2744 1744 2777 LP

284 2796 349 2825 689
377 2791 562 2836 μαχοῦμαί
588 2791 622 2837 γ’
647 2793 731 2835 J1P,
760 2793 916 2837 μαχοῦμ’
942 2796 962 2837 l,
990 2794 1191 2840 μαχοῦνταί
1218 2794 1251 2840 γ’
1276 2794 1425 2839 Madvig
1484 2799 1550 2829 690
1576 2799 1787 2838 προστιθεῖς

283 2845 326 2887 L,
354 2846 566 2887 προστιθεὶς
591 2846 634 2889 P,
662 2845 862 2890 προστίθης
889 2848 900 2880 Ζ
