1967 3147
276 95 332 134 64
896 96 1164 129 ΕΥΡΙΠΙΔΟΥ

448 201 496 241 τὸ
529 201 727 254 λαμπρὸν
758 197 993 242 είλίσσουσ’
1019 201 1065 242 ἐν
1098 201 1292 256 εὐφρόνῃ
1324 202 1456 256 φάος,

451 269 569 320 δέξαι
600 271 647 311 τὸ
680 275 801 323 θῦμα
833 269 926 312 τόδ’
954 271 976 312 ὅ
1008 270 1061 324 γέ
1088 283 1157 312 σοι
1191 273 1453 326 δωρούμεθα

450 342 631 393 στρατός
662 339 697 381 τ’
731 339 913 395 Ἀχαιῶν
942 337 1221 395 Ἀγαμέμνων
1253 342 1359 392 ἄναξ
1391 341 1439 383 θ’
1463 342 1594 397 ὁμοῦ,

450 412 666 465 ἄχραντον
699 405 804 464 αἷμα
836 410 1192 465 καλλιπαρθένου
1225 410 1375 466 δέρης,

451 480 522 521 καὶ
555 482 631 530 δὸς
661 480 868 534 γενέσθαι
900 484 1041 522 πλοῦν
1073 488 1187 522 νεῶν
1219 481 1421 536 ἀπήμονα
1697 494 1786 524 1575

457 553 613 603 Τροίας
645 567 687 592 τε
721 547 902 605 πέργαμ’
927 550 1087 601 ἐξελεῖν
1119 551 1229 605 ἡμᾶς
1262 553 1368 605 δορί.

450 621 492 670 ἐς
523 628 606 675 γῆν
640 618 678 662 δ’
713 620 923 675 Ἀτρεῖδαι
954 627 1037 670 πᾶς
1068 624 1249 675 στρατός
1281 620 1316 663 τ’
1343 625 1442 676 ἔστη
1476 622 1661 676 βλέπων.

456 691 594 744 ι”ερεὺς
627 690 672 732 δὲ
706 691 936 744 φάσγανον
969 693 1115 745 λαβὼν
1148 692 1372 744 ἐπεύξατο,

450 763 607 815 λαιμόν
638 760 674 802 τ’
701 758 992 813 ἐπεσκοπεῖθ’,
1025 763 1098 803 ἵνα
1129 763 1329 815 πλήξειεν
1362 764 1432 804 ἄν·

453 830 547 884 ἐμοὶ
581 830 632 872 δέ
659 830 695 871 τ’
721 833 854 884 ἄλγος
888 832 940 872 οὐ
972 834 1128 885 μικρὸν
1160 830 1295 886 εἰσῄει
1326 835 1476 886 φρενί,
1698 843 1786 874 1580

450 903 612 955 κᾶστην
644 903 874 951 νενευκώς·
905 906 1056 955 θαῦμα
1091 900 1129 942 δ’
1156 899 1211 955 ἧν
1244 906 1404 956 αἴφνης
1436 903 1560 955 ὁρᾶν·

450 975 616 1025 πληγῆς
647 973 811 1013 κτύπον
844 973 927 1025 γὰρ
959 978 1040 1021 πᾶς
1071 987 1135 1021 τις
1167 970 1315 1027 Γᾔσθετ’
1343 972 1396 1013 ἂν
1428 980 1598 1026 σαφῶς,

447 1043 528 1096 τὴν
560 1041 787 1094 παρθένον
820 1039 859 1082 δ’
885 1042 964 1083 οὐκ
997 1039 1113 1083 εἶδεν
1146 1039 1198 1084 οὗ
1232 1049 1308 1096 γῆς
1340 1042 1495 1084 εἰσέδυ.

450 1113 533 1168 βοᾷ
567 1111 604 1153 δ’
633 1113 794 1166 ἱερεύς,
827 1113 937 1161 ἅπας
969 1111 1008 1153 δ’
1035 1112 1220 1166 ἐπήχησε
1253 1114 1452 1167 στρατός,

448 1184 633 1224 ἄελπτον
666 1184 902 1231 εἰσιδόντες
934 1183 979 1224 ἐκ
1011 1187 1130 1223 θεῶν
1162 1198 1282 1232 τινος
1692 1195 1780 1224 1585

448 1252 602 1307 φάσμ’,
637 1250 689 1294 οὗ
721 1269 769 1306 γε
801 1252 903 1307 μηδ’
927 1253 1153 1307 ὁρωμένου
1183 1256 1325 1302 πίστις
1355 1260 1519 1308 παρῆν·

450 1325 610 1377 ἔλαφος
642 1324 722 1377 γὰρ
755 1321 1015 1377 ἀσπαίρουσ’
1044 1321 1168 1364 ἔκειτ’
1194 1322 1263 1365 ἐπὶ
1296 1322 1426 1378 χθονὶ

450 1395 562 1435 ἰδεῖν
594 1395 771 1448 μεγίστη
806 1394 1043 1447 διαπρεπής
1075 1410 1118 1434 τε
1150 1395 1230 1447 τὴν
1262 1393 1388 1446 θεάν,

449 1461 499 1517 ἧς
531 1464 678 1518 αἵματι
711 1465 855 1518 βωμὸς
887 1462 1067 1519 ἐραίνετ’
1095 1465 1235 1517 ἄρδην
1266 1471 1340 1518 τῆς
1372 1469 1491 1506 θεοῦ.

448 1534 530 1575 κάν
562 1535 671 1590 τῷδε
704 1535 876 1588 Κάλχας
907 1542 997 1584 πῶς
1029 1536 1172 1584 δοκεῖς
1203 1537 1367 1588 χαίρων
1400 1537 1499 1589 ἔφη·
1693 1546 1785 1575 1590

448 1601 481 1645 ὦ
514 1601 634 1646 τοῦδ’
668 1603 849 1659 Ἀχαιῶν
881 1607 1080 1657 κοίρανοι
1112 1611 1265 1646 κοινοῦ
1298 1611 1503 1658 στρατοῦ,

450 1674 577 1727 ὁρᾶτε
610 1676 742 1728 τήνδε
773 1677 953 1725 θυσίαν,
986 1675 1040 1728 ἣν
1072 1675 1097 1728 ἡ
1130 1676 1234 1724 θεὸς

449 1746 676 1799 προύθηκε
708 1747 892 1799 βωμίαν,
927 1747 1092 1798 ἔλαφον
1124 1745 1405 1799 ὀρειδρόμον;

449 1817 611 1869 ταύτην
644 1816 827 1869 μάλιστα
860 1822 933 1869 τῆς
965 1817 1095 1869 κόρης
1127 1815 1377 1868 ἀσπάζεται,

449 1886 506 1934 ὡς
538 1888 594 1939 μὴ
627 1886 758 1940 μιάνῃ
793 1887 941 1939 βωμὸν
975 1885 1147 1938 εὐγενεῖ
1175 1887 1309 1940 φόνῳ.
1695 1897 1782 1926 1595

447 1954 585 2009 ἡδέως
616 1972 659 1996 τε
692 1953 809 1996 τοῦτ’
837 1954 1031 2009 ἐδέξατο,
1062 1953 1132 1996 καὶ
1164 1959 1305 1996 πλοῦν
1337 1955 1490 2008 οὔριον

449 2027 632 2067 δίδωσιν
664 2026 768 2080 ἡμῖν
796 2024 927 2066 Ἰλίου
959 2023 992 2065 τ’
1023 2025 1269 2079 ἐπιδρομάς.

450 2098 556 2149 πρὸς
588 2102 721 2138 ταῦτα
753 2102 834 2144 πᾶς
866 2111 929 2145 τις
961 2097 1123 2148 ταρσὸν
1155 2092 1249 2150 αἶρε
1281 2095 1519 2149 ναυβάτης,

449 2169 577 2221 χώρει
610 2183 652 2207 τε
686 2167 794 2220 πρὸς
826 2172 954 2207 ναῦν·
989 2166 1046 2215 ὡς
1076 2164 1214 2220 ἡμέρα
1245 2167 1346 2220 τῇδε
1381 2167 1445 2207 δεῖ

450 2239 653 2285 λιπόντας
684 2237 794 2290 ἡμᾶς
826 2237 1019 2284 Αὐλίδος
1051 2240 1225 2284 κοίλους
1256 2238 1421 2289 μυχοὺς
1695 2248 1784 2278 11500

273 2374 480 2420 θηροκτόνε
508 2375 648 2410 Nauck.
694 2375 862 2409 Ceterum
888 2374 974 2409 inde
1001 2375 1047 2409 ab
1073 2375 1143 2409 1100
1163 2387 1192 2408 V.
1213 2374 1394 2417 reliquam
1414 2376 1557 2418 partem
1578 2374 1725 2409 fabulae
1746 2374 1783 2408 111

274 2440 368 2462 novo
389 2429 477 2462 folio
499 2428 646 2472 scripsit,
665 2440 794 2462 manus
816 2427 997 2462 recentior
1016 2428 1053 2460 in
1069 2429 1103 2460 P
1170 2432 1258 2461 1573
1281 2426 1510 2472 Ἀγαμέμνων
1530 2426 1562 2460 τ’
1581 2427 1673 2468 ἄναξ
1694 2427 1784 2471 ὁμοῦ

276 2481 444 2525 Scaliger
516 2485 603 2514 1578
630 2481 716 2514 inde
743 2482 789 2514 ab
816 2482 883 2514 hoe
910 2494 940 2514 v.
962 2483 1103 2514 textum
1130 2480 1204 2514 alia
1229 2492 1359 2514 manus
1386 2480 1531 2524 scripsit
1555 2479 1592 2513 in
1614 2481 1657 2514 L.
1685 2480 1784 2513 Haec

273 2545 356 2577 pars
382 2533 627 2568 recentissimi
654 2536 785 2578 poetae
812 2536 866 2567 est
890 2537 892 2577 Ι
917 2533 1014 2576 ἱρεὺς
1039 2534 1074 2566 P
1170 2537 1259 2567 1580
1284 2531 1315 2566 τ’
1342 2532 1450 2577 ἄλγος
1476 2544 1518 2566 ex
1545 2531 1576 2566 τ’
1596 2532 1707 2577 ἄργος
1732 2532 1783 2565 fe-

274 2587 325 2619 cit,
352 2587 393 2630 P,
421 2588 517 2620 unde
543 2587 677 2632 τάρβος
702 2586 832 2620 Nauck
931 2590 1020 2619 1583
1047 2583 1159 2631 εἶδεν]
1188 2597 1390 2629 anonymus
1417 2586 1468 2627 (eb
1493 2585 1702 2629 Matthiae),
1729 2582 1780 2618 οἶ-

274 2641 337 2673 δεν
364 2640 440 2673 LP
460 2642 464 2684 Ι
488 2637 530 2673 οὗ
556 2651 599 2674 ex
626 2638 660 2673 οἶ
686 2639 773 2673 feeit
799 2640 833 2672 P
913 2643 1000 2672 1589
1028 2637 1206 2681 ἐρραίνετ’
1231 2639 1276 2682 L,
1303 2636 1456 2680 ἐραίνετ’
1482 2639 1571 2671 111111.
1599 2637 1636 2670 in
1663 2635 1782 2680 ἐρραί-

278 2691 346 2725 νετ’
373 2693 407 2725 Ρ
479 2696 567 2725 1592
593 2692 615 2736 ἡ
641 2692 780 2725 factum
807 2702 848 2725 ex
876 2691 893 2725 ὁ
921 2691 958 2724 111
979 2692 1022 2734 L,
1049 2691 1070 2734 ἡ
1099 2692 1133 2724 Ρ
1200 2695 1288 2724 1593
1314 2689 1433 2736 βωμία
1460 2691 1495 2723 Ρ
1556 2693 1643 2722 1595
1670 2688 1781 2736 μιάνῃ

275 2755 398 2788 apogr.
425 2744 550 2787 Paris¹7
584 2744 708 2788 μιάνοι
734 2745 811 2778 LP
914 2748 1001 2777 1598
1027 2744 1177 2789 ταρσὸν]
1205 2743 1350 2787 scripsi,
1386 2742 1527 2785 θάρσος
1552 2742 1630 2775 LP
1664 2746 1667 2783 Ι
1702 2739 1782 2785 αἶρε

277 2796 457 2842 ναυβάτης
484 2797 585 2840 ῙᾸΡῗ,
613 2795 672 2841 αἶρ
699 2798 758 2831 καὶ
790 2796 950 2841 ναυάτης
976 2797 1016 2831 P.
1068 2796 1162 2830 Fort.
1191 2794 1272 2839 εἶρε.
1324 2795 1393 2829 Cfr.
1421 2794 1499 2828 Hel.
1529 2798 1618 2828 1535
