1941 3204
772 150 1002 182 ΗΡΑΚΛΠΣ
1588 148 1641 188 29

303 256 329 297 ἃ
360 262 471 310 χρῆν
504 267 550 298 σε
584 259 785 311 μετρίως,
817 260 881 298 κεί
914 264 1103 310 κρατεῖς,
1137 257 1335 310 σπουδὴν
1369 257 1493 311 ἔχειν.

303 326 393 368 ἐπεὶ
427 325 464 368 δ’
503 327 698 382 ἀνάγκην
729 332 984 381 προστιθεῖς
1015 327 1119 381 ἡμῖν
1151 331 1323 381 θανεῖν,
1577 338 1642 367 710

303 397 500 451 στέργειν
533 398 716 451 ἀνάγκη·
751 397 963 452 δραστέον
998 396 1034 438 δ’
1069 397 1094 438 ἃ
1127 396 1196 439 σοὶ
1230 399 1360 439 δοκεῖ.

128 471 260 510 AYK.
302 474 387 510 ποῦ
421 469 528 521 δῆτα
560 469 768 523 ΝΙεγάρω
803 474 888 509 ποῦ
920 466 1032 509 τέκν’
1065 464 1303 521 Ἀλκμήνης
1336 470 1493 521 γόνου;

126 542 230 580 AM.
303 540 416 580 δοκῶ
450 537 529 593 μὲν
561 540 711 592 αὐτήν,
745 539 803 587 ὡς
834 539 1039 592 θύραθεν
1071 539 1251 591 εἰκάσαι,

126 612 258 651 AYK.
301 611 346 650 τί
374 616 535 665 χρῆμα;
571 612 695 663 δόξης
725 611 845 657 τίνος
877 610 987 662 ἔχεις
1018 610 1270 663 τεκμήριονς

126 683 230 722 AM.
303 680 434 721 ἱκέτιν
466 681 573 734 πρὸς
605 679 755 733 ἁγνοῖς
788 678 930 727 ἑστίας
961 679 1148 721 θάσσειν
1181 680 1368 732 βάθροις
1578 688 1642 717 715

126 753 259 792 AYK.
301 750 492 804 ἀνόνητά
523 747 564 803 γ’
601 750 882 791 ἱκετεύουσαν
915 749 1101 790 ἐκσῶσαι
1134 751 1243 802 βίον.

126 825 231 862 AM.
302 819 372 862 καὶ
405 822 483 862 τὸν
513 822 711 862 θανόντα
745 817 783 873 γ’
822 819 1056 861 ἀνακαλεῖν
1089 820 1228 874 μάτην
1261 822 1402 862 πόσιν.

128 894 262 933 AYK.
305 891 327 933 ὃ
362 887 399 933 δ’
437 891 490 932 οὐ
522 891 730 944 πάρεστιν
764 888 868 932 οὐδὲ
901 891 958 944 μὴ
991 892 1101 945 μόλῃ
1134 890 1249 932 ποτέ.

129 966 233 1005 AM.
305 963 398 1015 οὔκ,
433 966 476 1004 εἴ
502 978 549 1016 γε
582 964 639 1016 μή
671 978 735 1011 τις
765 966 885 1003 θεῶν
917 960 1179 1015 ἀναστήσειέ
1206 978 1291 1004 νιν.

129 1036 263 1075 AYK.
306 1034 436 1088 χώρει
467 1035 575 1088 πρὸς
607 1033 744 1087 αὐτὴν
775 1032 1001 1086 κάκκόμιζε
1036 1033 1260 1087 δωμάτων.
1579 1047 1645 1076 720

130 1108 235 1146 AM.
305 1103 486 1159 μέτοχος
518 1103 571 1145 ἂν
604 1108 698 1158 εἴην
729 1109 808 1145 τοῦ
841 1105 985 1156 φόνου
1018 1103 1182 1157 δράσας
1212 1105 1324 1146 τόδε.

128 1178 261 1217 AYK.
304 1175 439 1230 ἡμεῖς,
473 1174 619 1228 ἐπειδὴ
654 1173 724 1216 σοὶ
754 1172 846 1215 τόδ’
885 1172 970 1216 ἔστ’
1010 1173 1239 1229 ἐνθύμιον,

304 1246 349 1288 οἱ
378 1247 596 1300 δειμάτων
627 1244 794 1295 ἔξωθεν
827 1244 1149 1299 ἐκπορεύσομεν

305 1318 387 1359 σὺν
419 1315 547 1371 μητρὶ
580 1317 748 1365 παῖδας.
812 1313 930 1370 δεῦρ’
968 1314 1142 1370 ἕπεσθε,
1175 1319 1432 1371 πρόσπολοι,

305 1389 362 1437 ὡς
393 1386 448 1429 ἂν
480 1387 642 1441 σχολὴν
676 1388 876 1442 λύσωμεν
908 1387 1090 1441 ἄσμενοι
1121 1390 1283 1429 πόνων.
1580 1400 1645 1431 725

128 1462 230 1501 ΑΜ.
304 1460 359 1500 σὺ
392 1456 430 1499 δ’
469 1454 550 1500 οὖν
585 1456 666 1510 ἰθ’,
702 1460 804 1513 ἔρχῃ
838 1454 876 1499 δ’
915 1452 959 1500 οἷ
988 1459 1144 1512 χρεών·
1178 1460 1227 1500 τὰ
1261 1457 1298 1499 δ’
1338 1458 1430 1500 ἀλλ’
1470 1464 1573 1509 ἴσως

305 1531 419 1586 ἄλλῳ
453 1531 642 1583 μελήσει.
703 1529 927 1582 προσδόκα
961 1527 1008 1570 δὲ
1042 1531 1160 1584 δρῶν
1191 1536 1332 1579 κακῶς

304 1602 440 1641 κακόν
471 1615 512 1640 τι
543 1600 735 1653 πράξειν.
797 1596 829 1640 ὦ
861 1599 1084 1654 γέροντες,
1118 1599 1160 1649 ές
1191 1601 1326 1642 καλὸν

305 1673 482 1725 στείχει,
517 1671 715 1724 βρόχοισι
748 1667 788 1712 δ’
826 1670 1002 1724 ἀρκύων
1035 1671 1262 1725 δεδήσεται

304 1743 606 1796 ξιφηφόροισι,
638 1743 742 1790 τοὺς
772 1740 904 1790 πέλας
937 1743 1082 1783 δοκῶν
1113 1749 1283 1783 κτενεῖν
1581 1754 1646 1782 7341

305 1813 328 1854 ὁ
359 1813 660 1866 παγκάκιστος.
723 1809 810 1867 εἶμι
844 1809 901 1865 δ’,
934 1813 991 1862 ὡς
1025 1813 1103 1854 ἴδω
1136 1814 1295 1867 νεκρὸν

304 1880 519 1926 πίπτοντ’·
551 1885 636 1938 ἔχει
669 1884 751 1939 γὰρ
784 1883 947 1937 ἡδονὰς
978 1882 1190 1939 θνῄσκων
1223 1883 1334 1939 ἀνὴρ

306 1955 465 2009 ἐχθρὸς
496 1956 631 1996 τίνων
663 1970 708 1996 τε
739 1962 827 1996 τῶν
861 1955 1143 2009 δεδραμένων
1178 1955 1316 2008 δίκην.

128 2075 303 2114 ΗΜΙΧ.
331 2071 397 2128 (1)
424 2073 640 2127 μεταβολὰ
666 2079 827 2114 κακῶν·
855 2072 987 2127 μέγας
1014 2073 1035 2114 ὁ
1059 2071 1223 2126 πρόσθ’
1247 2072 1353 2122 ἄναξ
1387 2072 1546 2125 Stroph.
1582 2084 1646 2113 735

305 2144 437 2184 πάλιν
468 2143 734 2198 ὑποστρέφει
766 2145 917 2197 βίοτον
949 2145 1010 2192 εἰς
1032 2142 1199 2184 Ἅιδαν.

308 2215 357 2255 ἰὼ
391 2215 490 2254 δίκα
522 2212 593 2255 καὶ
626 2218 746 2255 θεῶν
778 2215 1017 2267 παλίρρους
1049 2216 1222 2268 πότμος.

226 2345 291 2375 709
318 2342 374 2375 κεί
400 2342 450 2384 L,
484 2341 548 2374 sed
575 2341 605 2375 εἰ
636 2340 674 2374 111
700 2340 754 2374 lit.
784 2352 848 2375 scr.
878 2341 889 2374 I
1020 2345 1085 2375 710
1119 2340 1261 2386 ἀνάγκη
1294 2342 1509 2385 προστιθεὶς
1544 2342 1577 2375 G

133 2399 196 2429 711
226 2393 403 2438 δραστέον
428 2392 469 2428 θ’
499 2394 632 2427 Nauck
748 2398 907 2428 714—22
935 2393 973 2427 in
1002 2394 1051 2438 G,
1086 2398 1245 2428 715—2‘2
1273 2394 1311 2428 in
1338 2396 1372 2429 L
1398 2394 1556 2428 lineolae
1582 2406 1647 2438 pro

130 2447 227 2482 notis
252 2448 436 2492 praefixae
554 2451 621 2480 714
646 2445 761 2492 τίνος]
788 2446 1026 2490 Boissonade,
1053 2447 1157 2491 τῆσδ’
1186 2448 1265 2482 LG
1381 2452 1445 2481 715
1473 2447 1646 2493 βάθροις]

131 2500 175 2535 Η.
191 2500 412 2545 Stephanus,
439 2497 594 2545 βάθροις
619 2499 696 2533 LG
794 2503 858 2533 717
886 2500 1102 2546 ἀνακαλεῖν]
1122 2501 1319 2544 Hermann,
1347 2500 1524 2535 ἀνακαλεῖ
1548 2500 1619 2534 LG
1642 2503 1644 2545 j

132 2552 265 2599 μάτην]
298 2553 381 2587 fort.
409 2551 506 2586 κάτω
630 2556 695 2586 720
722 2551 931 2598 κάκκόμιζε]
958 2552 1130 2597 Elmslaey,
1164 2555 1226 2587 καὶ
1260 2553 1379 2597 κόμιζε
1407 2556 1495 2586 mut.
1523 2552 1561 2586 in
1587 2551 1647 2586 κό-

132 2605 201 2650 μιζ’
233 2606 271 2640 ἐκ
298 2606 349 2649 L,
382 2606 445 2639 καὶ
470 2603 591 2648 κόμιζε
621 2606 653 2639 G
763 2610 828 2639 722
857 2605 958 2650 ἡμεῖς
984 2605 1018 2639 δ’
1049 2606 1179 2641 Nauck
1296 2610 1362 2640 725
1391 2606 1521 2651 σχολὴν
1547 2606 1647 2639 λεύσ-

132 2671 249 2702 σωμεν
270 2659 414 2702 Cantor,
437 2657 568 2703 σχολὴν
588 2657 754 2703 λάβωμεν
775 2658 979 2703 Musgrave,
1001 2661 1108 2704 σχολῇ
1129 2662 1300 2703 λυθῶμεν
1320 2659 1438 2692 Bothe
1503 2662 1567 2692 7213
1589 2658 1647 2692 ἴθι

132 2714 176 2755 L,
204 2711 260 2746 ἴθ’
292 2712 346 2746 {G
427 2715 492 2745 72⁴.)
520 2710 726 2757 δεδήσεται]
754 2711 914 2754 piemon,
942 2711 1130 2756 γενήσεται
1157 2713 1234 2746 LG
1316 2715 1474 2745 735-62
1501 2711 1648 2745 chorica

132 2775 228 2808 quae
248 2765 349 2799 chori
369 2766 455 2798 sunt
474 2763 511 2797 in
532 2764 565 2798 L
578 2764 620 2807 G,
648 2764 882 2798 hemichoriis
903 2764 1035 2799 tribuit
1056 2776 1271 2809 anonymum,
1300 2768 1365 2798 747
1382 2776 1433 2808 sq.
1456 2766 1492 2798 et-
1513 2768 1579 2798 760
1595 2776 1646 2808 sq.

133 2818 242 2852 choro
268 2817 290 2852 i.
314 2828 342 2852 e.
371 2817 577 2861 coryphaeo
603 2817 735 2861 reliqui
809 2821 873 2851 7:³6
895 2818 946 2857 εἰς
990 2817 1150 2859 eamcam,
1180 2818 1214 2857 ἐς
1235 2817 1348 2851 ι”ιῖδαν
1371 2818 1402 2851 (τ’
1473 2821 1538 2851 739
1560 2819 1648 2851 παλ-

133 2869 278 2915 λίρρους
304 2871 380 2905 LG
