1967 3147
255 121 310 160 54
875 121 1141 154 ΕΥΡΙΠΙΔΟΥ

429 227 533 281 ἡμῖν
564 225 677 268 τέκν’
715 221 824 276 εἷλες
855 226 926 269 καὶ
959 225 1167 281 δάμαρθ’·
1199 227 1309 282 ἡμᾶς
1340 230 1450 283 ἔχεις
1672 239 1761 270 1380

429 299 744 347 παιδοκτόνους
777 299 890 346 σούς.
954 294 1028 339 εἶτ’
1065 297 1148 351 ἐγὼ
1180 295 1277 339 τάδ’
1314 298 1494 349 ὠλέναις

431 372 555 419 οἴσω;
589 370 634 410 τί
664 369 864 421 φάσκων;
899 368 1006 409 ἀλλὰ
1039 367 1289 422 γυμνωθεὶς
1321 369 1480 422 ὅπλων,

431 439 509 490 ξὺν
542 433 606 488 οἷς
637 440 688 480 τὰ
720 437 911 480 κάλλιστ’
950 435 1141 490 ἐξέπραξ’
1178 438 1224 479 ἐν
1251 435 1446 493 Ἑλλάδι,

431 508 607 563 ἐχθροῖς
639 508 825 563 ἐμαυτὸν
859 509 1092 562 ὑποβαλὼν
1124 510 1311 562 αἰσχρῶς
1341 510 1486 559 θάνω;

432 580 485 620 οὐ
518 578 715 620 λειπτέον
747 577 859 632 τάδ’,
893 579 1058 628 ἀθλίως
1091 577 1137 620 δὲ
1171 578 1347 622 σωτέον.
1674 593 1762 623 1385

431 649 478 691 ἕν
511 652 589 704 μοί
616 666 675 703 τι,
709 653 866 703 Θησεῦ,
900 648 1098 704 σύγκαμ’·
1134 650 1290 704 ἀγρίου
1322 653 1453 700 κυνὸς

430 718 626 774 κόμιστρ’
663 720 705 769 ές
737 719 896 773 ’Ἀργος
929 721 1285 774 συγκατάστησον
1317 723 1477 775 μολών,

431 793 543 846 λύπῃ
577 808 616 832 τι
648 792 819 832 παίδων
851 792 907 844 μὴ
940 791 1068 832 πάθω
1101 792 1382 845 μονούμενος.

432 859 464 902 ὦ
497 869 598 914 γαΐα
632 862 814 915 Κάδμου
846 867 928 909 πᾶς
959 877 1002 902 τε
1039 864 1230 915 Θηβαῖος
1261 864 1386 916 λεώς,

431 934 637 985 κείρασθε
671 929 1018 985 συμπενθήσατ’,
1051 930 1190 972 ἔλθετ’
1229 931 1269 980 ές
1301 933 1442 986 τάφον
1673 945 1762 974 1390

431 990 615 1054 παίδων,
649 990 841 1051 ἅπαντας
874 999 912 1042 δ’
952 1000 1016 1043 ἑνὶ
1049 1003 1163 1058 λόγῳ
1196 1004 1442 1056 πενθήσατε

432 1074 614 1127 νεκρούς
646 1089 689 1114 τε
722 1071 845 1126 κάμέ·
879 1072 1036 1121 πάντες
1068 1072 1333 1125 ἐξολώλαμεν

430 1142 568 1198 ’Ἠρας
599 1150 675 1199 μιᾷ
708 1141 942 1196 πληγέντες
974 1143 1123 1184 ἄθλιοι
1155 1143 1272 1197 τύχῃ.

257 1218 348 1256 ΘΗ.
430 1212 646 1266 ἀνι’στασ’,
680 1210 712 1254 ὦ
746 1214 951 1267 δύστηνε·
985 1213 1188 1266 δακρύων
1221 1211 1260 1253 δ’
1297 1214 1402 1263 ἅλις.

255 1289 345 1327 ΗΡ.
429 1285 508 1326 οὐκ
542 1284 594 1325 ἂν
629 1285 864 1338 δυναίμην·
898 1285 1044 1338 ἄρθρα
1076 1284 1158 1337 γὰρ
1190 1282 1356 1338 πέπηγέ
1384 1300 1480 1338 μου.
1674 1297 1763 1327 1395

256 1359 349 1398 ΘΗ.
431 1354 501 1397 καὶ
533 1357 636 1404 τοὺς
668 1354 910 1404 σθένοντας
940 1355 1022 1409 γὰρ
1055 1359 1349 1408 καθαιροῦσιν
1380 1355 1515 1410 τύχαι.

256 1430 345 1468 ΗΡ.
431 1432 531 1480 φεῦ·

432 1497 569 1538 αὐτοῦ
601 1497 811 1550 γενοίμην
842 1494 997 1549 πέτρος
1030 1495 1240 1549 ἀμνήμων
1270 1503 1425 1537 κακῶν.

257 1571 349 1610 ΘΗ.
432 1573 611 1610 παῦσαι·
645 1567 773 1608 δίδου
807 1564 853 1607 δὲ
885 1564 990 1620 χεῖρ’
1028 1565 1219 1621 ὑπηρέτῃ
1253 1568 1379 1622 φίλῳ.

256 1642 347 1680 ΗΡ.
433 1636 526 1679 ἀλλ’
564 1633 668 1692 αἷμα
700 1638 757 1691 μὴ
791 1644 884 1686 σοῖς
916 1637 1211 1691 ἐξομόρξωμαι
1243 1637 1432 1687 πέπλοις.

259 1712 351 1751 ΘΗ.
434 1711 632 1762 ἔκμασσε,
667 1709 824 1761 φείδου
857 1706 1013 1762 μηδέν·
1046 1707 1123 1748 οὐκ
1156 1706 1404 1762 ἀναίνομαι.
1677 1721 1766 1750 1400

258 1783 346 1821 ΗΡ.
433 1780 603 1820 παίδων
636 1777 865 1833 στερηθεὶς
896 1776 1015 1819 παῖδ’
1053 1778 1167 1827 ὅπως
1199 1780 1279 1832 ἔχω
1313 1775 1351 1819 σ’
1388 1778 1503 1832 ἐμόν.

259 1853 351 1892 ΘΗ.
436 1851 564 1890 δίδου
597 1847 699 1904 δέρῃ
734 1849 816 1901 σὴν
848 1843 973 1902 χεῖρ’,
1007 1847 1210 1900 ὁδηγήσω
1244 1845 1282 1887 δ’
1320 1846 1415 1901 ἐγώ.

258 1924 346 1962 HP.
434 1921 580 1973 ζεῦγός
611 1935 659 1972 γε
692 1921 861 1972 φίλιον·
895 1919 1045 1971 ἅτερος
1078 1916 1124 1958 δὲ
1157 1918 1384 1972 δυστυχής.

436 1988 468 2031 ὦ
500 1988 682 2044 πρέσβυ,
715 1987 878 2030 τοιόνδ’
916 1989 1056 2040 ἄνδρα
1087 1988 1168 2042 χρὴ
1200 1993 1387 2029 κτᾶσθαι
1419 1991 1562 2042 φίλον.

260 2064 361 2103 AM.
431 2061 457 2114 ἡ
491 2061 572 2114 γὰρ
605 2065 789 2101 τεκοῦσα
821 2059 947 2100 τόνδε
979 2057 1132 2112 πατρὶς
1163 2059 1374 2108 εὔτεκνος.
1678 2072 1767 2101 1405

260 2134 349 2172 ΗΡ.
435 2134 594 2185 Θησεῦ,
625 2130 756 2173 πάλιν
789 2145 839 2184 με
872 2129 1075 2184 στρέψον,
1107 2129 1166 2178 ὡς
1198 2130 1277 2170 ἴδω
1309 2128 1448 2170 τέκνα.

261 2205 352 2243 ΘΗ.
437 2202 494 2251 ὡς
527 2202 579 2254 δὴ
612 2203 670 2254 τίς
702 2203 887 2255 φίλτρον
918 2196 1034 2242 τοῦτ’
1071 2201 1181 2254 ἔχων
1214 2198 1335 2255 ῥᾴων
1368 2201 1462 2255 ε”σῃς

260 2275 349 2313 ΗΡ.
434 2277 577 2324 ποθῶ,
609 2273 770 2323 πατρός
800 2287 844 2312 τε
877 2269 1034 2323 στέρνα
1066 2269 1345 2323 προσθέσθαι
1376 2270 1505 2312 θέλω.

262 2346 363 2384 AM.
436 2343 532 2384 ἰδοὺ
565 2340 678 2393 τάδ’,
712 2339 744 2382 ὦ
776 2349 869 2382 παῖ·
902 2340 1013 2394 τάμὰ
1045 2341 1126 2394 γὰρ
1159 2341 1359 2390 σπεύδεις
1389 2343 1507 2395 φίλα.

358 2521 446 2550 1385
474 2515 622 2561 σωτέον]
650 2515 790 2559 scripsi,
817 2514 971 2549 σωστέον
991 2515 1066 2548 LG
1166 2518 1255 2549 1386
1271 2527 1321 2559 sq.
1350 2515 1507 2560 σύγκαμε
1535 2517 1571 2549 et
1596 2513 1770 2558 κόμιστρα

263 2571 307 2613 L,
335 2580 423 2603 corr.
453 2569 464 2601 Ι
486 2571 489 2612 Ι
514 2566 659 2613 ἀγρίου]
679 2567 897 2611 Ψεύἰθῇθω,
926 2566 1059 2602 ἀθλίου
1080 2568 1157 2602 LG
1232 2571 1320 2602 1390
1341 2567 1477 2614 τάφον]
1497 2567 1618 2612 ταφὰς
1636 2567 1770 2602 Reiske

313 2626 399 2656 1391
429 2621 611 2666 ἅπαντας]
638 2620 835 2662 Hermann,
862 2620 1023 2660 ἅπαντες
1048 2620 1126 2655 LG
1200 2624 1287 2654 1393
1315 2621 1456 2666 ἄθλιοι]
1484 2620 1624 2662 Nauck,
1652 2618 1769 2654 ἀθλίω

263 2675 340 2710 LG
456 2676 687 2707 1396—1403
714 2672 871 2706 lineolae
897 2674 1080 2718 praefixae
1106 2673 1144 2707 in
1170 2673 1247 2708 LG
1362 2677 1450 2707 1403
1477 2673 1532 2719 γε]
1558 2672 1704 2715 Reiske,
1730 2671 1770 2706 δὲ

263 2728 340 2762 LG
462 2730 551 2760 1404
572 2738 649 2770 sqq.
685 2725 850 2758 clausula
881 2725 1030 2760 fabulae
1057 2728 1237 2770 suspecta.
1288 2725 1357 2760 Cfr.
1386 2729 1472 2759 1421
1502 2736 1583 2759 oum
1611 2728 1699 2758 1365

266 2783 354 2812 1404
381 2779 517 2813 lineola,
542 2779 705 2823 praefixa
730 2777 766 2811 in
789 2779 865 2813 LG
891 2781 988 2823 (post
1010 2782 1098 2812 1403
1119 2789 1262 2812 versum
1281 2777 1413 2812 Thesei
1433 2776 1664 2812 intercidisse
1683 2776 1771 2812 olim

266 2831 521 2876 suspicabatur
546 2830 805 2875 VVilamowitz)
913 2835 1001 2865 1408
1027 2833 1080 2877 τε]
1107 2831 1312 2875 Musgrave,
1343 2842 1382 2875 γε
1407 2830 1485 2865 LG
