1967 3147
268 127 324 166 20
886 129 1155 161 ΕΥΡΙΠΙΔΟΥ

265 236 365 275 ΜΕ.
441 233 521 274 οὐκ
552 234 634 286 ἄρα
668 235 785 275 δοκεῖ
817 245 887 275 σοι
919 234 1021 275 τάδε
1052 241 1205 275 πονεῖν
1238 237 1320 276 σὺν
1345 233 1540 285 Ἑλλάδι;
1707 249 1774 277 410

266 306 390 345 ΑΓΛ.
435 302 586 352 Ἑλλὰς
619 303 665 345 δὲ
698 305 781 344 σὺν
814 303 883 345 σοὶ
916 305 1022 345 κατὰ
1051 305 1162 346 θεὸν
1193 312 1318 347 νοσεῖ
1347 322 1454 346 τινα.

264 377 364 415 ME.
438 377 638 430 σκήπτρῳ
671 391 753 415 νυν
786 374 927 428 αὔχει,
960 376 1039 415 σὸν
1071 377 1336 428 κασίγνητον
1367 377 1571 429 προδούς.

442 444 542 497 [ἐγὼ
577 443 614 485 δ’
641 442 705 485 ἐπ’
731 445 863 493 ἄλλας
896 441 981 499 εἶμι
1014 446 1207 499 μηχανάς
1238 461 1359 494 τινας
1386 446 1389 447 ’

440 518 596 569 φίλους
626 513 666 556 τ’
691 512 754 556 ἐπ’
779 516 950 564 ἄλλους.

906 633 1145 665 ΑΓΓΕΛΟΣ.

981 689 1013 732 ὦ
1047 693 1345 744 Πανελλήνων
1377 692 1504 742 ἅναξ,

435 761 719 816 Ἀγάμεμνον,
752 763 841 816 ἥκω
874 762 1007 802 παῖδά
1040 775 1108 803 σοι
1140 762 1219 815 τὴν
1251 762 1332 815 σὴν
1364 762 1497 814 ἄγων,
1706 774 1773 804 415

437 833 493 886 ἣν
520 831 783 886 Ἰφιγένειαν
815 832 1040 886 ὠνόμαξας
1070 832 1117 873 ἐν
1151 833 1311 885 δόμοις.

437 905 575 957 μήτηρ
610 901 647 944 δ’
674 903 871 956 ὁμαρτεῖ,
905 909 981 955 σῆς
1012 905 1373 956 Κλυταιμήστρας
1406 901 1555 955 δέμας,

437 972 507 1014 καὶ
540 981 639 1021 παῖς
666 969 883 1026 Ὀρέστης,
917 973 1025 1013 ὥστε
1057 974 1292 1026 τερφθείης
1325 972 1447 1024 ἰδών,

438 1046 599 1097 χρόνον
631 1045 818 1085 παλαιὸν
851 1043 1061 1097 δωμάτων
1094 1044 1278 1096 ἔκδημος
1311 1042 1382 1083 ὥν.

438 1111 530 1155 ἀλλ’
556 1115 613 1163 ὡς
644 1114 814 1167 μακρὰν
847 1115 1028 1166 ἔτεινον,
1061 1113 1246 1166 εὔρυτον
1278 1113 1393 1165 παρὰ
1705 1125 1772 1155 420

436 1187 603 1238 κρήνην
636 1183 913 1238 ἀναψύχουσι
945 1184 1177 1237 θηλύπουν
1209 1183 1351 1237 βάσιν,

440 1256 569 1296 αὐταί
597 1271 641 1296 τε
673 1256 816 1296 πῶλοί
843 1253 901 1295 τ’·
934 1253 976 1302 ἐς
1009 1252 1056 1294 δὲ
1089 1255 1314 1307 λειμώνων
1346 1255 1480 1307 χλόην

440 1330 649 1378 καθεῖμεν
682 1325 832 1376 αὐτάς,
865 1325 922 1374 ὡς
954 1326 1087 1377 βορᾶς
1119 1326 1362 1377 γευσαίατο.

441 1396 523 1449 ἐγὼ
558 1393 603 1436 δὲ
636 1396 886 1449 πρόδρομος
918 1400 995 1447 σῆς
1025 1401 1299 1447 παρασκευῆς
1330 1394 1457 1448 χάριν

438 1467 544 1519 ἥκω·
577 1464 791 1506 πέπυσται
823 1466 904 1518 γὰρ
938 1466 1137 1518 στρατός·
1170 1472 1317 1518 ταχεῖα
1349 1466 1430 1519 γὰρ
1704 1477 1770 1506 425

438 1537 555 1590 διῇξε
590 1537 732 1589 φήμη·
764 1536 897 1575 παῖδα
931 1535 1013 1587 σὴν
1046 1534 1303 1588 ἀφιγμένην.

435 1613 516 1655 πᾶς
549 1604 587 1647 δ’
619 1605 661 1654 ἐς
691 1605 803 1646 θέαν
836 1606 984 1658 ὅμιλος
1016 1607 1182 1659 ἔρχεται
1217 1606 1382 1660 δρόμῳ,

436 1678 517 1731 σὴν
550 1675 668 1717 παῖδ’
695 1676 809 1724 ὅπως
842 1676 1013 1716 ἴδωσιν·
1048 1676 1094 1716 οἱ
1123 1674 1162 1716 δ’
1194 1676 1450 1729 εὐδαίμονες

436 1748 482 1789 ἐν
514 1753 616 1788 πᾶσι
648 1745 810 1787 κλεινοὶ
844 1745 914 1786 καὶ
946 1748 1223 1799 περίβλεπτοι
1256 1747 1441 1799 βροτοῖς.

436 1817 611 1870 λέγουσι
646 1815 706 1857 δ’·
738 1815 944 1869 ὑμέναιός
976 1832 1040 1864 τις
1071 1816 1096 1869 ἣ
1128 1818 1172 1856 τί
1201 1816 1458 1868 πράσσεται;
1702 1828 1770 1857 430

434 1888 459 1942 (ἢ
493 1890 636 1929 πόθον
669 1889 779 1940 ἔχων
811 1886 1032 1939 θυγατρὸς
1060 1885 1341 1939 Ἀγαμέμνων
1374 1885 1479 1935 ἄναξ

435 1960 606 2011 ἐκόμισε
637 1957 790 2007 παῖδα;
823 1964 910 1997 τῶν
943 1955 980 1997 δ’
1014 1955 1068 1996 ἂν
1100 1957 1290 2009 ἤκουσας
1321 1957 1440 1996 τάδε·

432 2027 645 2082 Ἀρτέμιδι
677 2029 977 2080 προτελίζουσι
1009 2027 1088 2079 τὴν
1120 2027 1320 2078 νεάνιδα,

437 2099 628 2146 Αὐλίδος
660 2098 840 2152 ἀνάσσῃ.
891 2099 954 2146 τίς
986 2113 1056 2138 νιν
1090 2096 1237 2146 ἄξεταί
1263 2112 1386 2145 ποτε;

436 2165 527 2209 ἀλλ’
559 2165 645 2220 εἷα,
677 2166 777 2208 τάπὶ
809 2164 964 2208 τοισίδ’
997 2166 1178 2219 ἐξάρχου
1211 2172 1341 2218 κανᾶ,
1701 2177 1768 2206 435

434 2242 741 2291 στεφανοῦσθε
774 2244 908 2290 κρᾶτα
940 2236 1011 2278 καὶ
1044 2237 1119 2288 σύ,
1153 2235 1382 2285 Μενέλεως
1414 2236 1541 2289 ἄναξ,

433 2309 646 2363 ὑμέναιον
677 2307 893 2360 εὐτρέπιζε
926 2306 997 2348 καὶ
1029 2307 1134 2348 κατὰ
1166 2306 1318 2359 στέγας

352 2451 417 2480 411
445 2449 546 2480 θεῶν
573 2446 709 2480 Porson
807 2450 874 2479 412
902 2445 1020 2491 αὔχει]
1047 2444 1240 2488 Tyrwhitt,
1267 2445 1390 2490 αὐχεῖς
1410 2446 1489 2479 LP
1581 2448 1764 2478 414—441

258 2502 483 2533 ΑΙΤΕΛΟΣ
500 2528 506 2534 .
525 2527 530 2533 .
547 2501 662 2538 καλῶς
688 2498 824 2532 delevit
849 2499 1066 2541 L.Dindorf,
1093 2501 1276 2531 414—441
1305 2497 1555 2538 Gu.Dindorf‚
1582 2501 1764 2530 413-441

259 2551 451 2586 Kirchhoff
590 2555 657 2584 416
691 2550 872 2594 ὠνόμαζες
902 2551 1109 2584 Markland.
1161 2551 1248 2584 Post
1274 2549 1465 2594 ὡνόμαξας
1491 2561 1600 2593 supra
1626 2562 1655 2583 v.
1683 2549 1766 2582 add.

259 2604 341 2638 πότ’
366 2604 415 2637 P2
511 2607 578 2637 417
606 2604 759 2646 ὑμαρτοῖ
785 2605 826 2646 Ρ,
854 2604 1004 2647 ὁμαρτεῖ
1028 2603 1078 2637 I’2
1101 2605 1103 2647 Ι
1133 2602 1443 2646 κλυταιμνήστρας
1467 2603 1545 2636 LP
1572 2603 1576 2647 Ι
1604 2601 1646 2645 σὴ
1674 2603 1767 2635 Κλυ-

258 2657 484 2701 ταιμνήστρα
512 2656 632 2701 δάμαρ
659 2656 818 2700 Ehnsley
846 2657 887 2690 01.
915 2657 992 2701 Iph.
1020 2656 1058 2690 T.
1087 2660 1129 2688 22
1227 2660 1294 2688 422
1321 2654 1372 2701 τ’]
1399 2654 1606 2697 Markland,
1635 2653 1667 2698 γ’
1692 2654 1770 2686 LP

260 2714 325 2743 425
359 2716 485 2754 ταχεῖα
520 2709 586 2754 γὰρ
613 2710 698 2753 LP,
735 2715 862 2753 ταχεῖα
888 2708 927 2742 δὲ
956 2709 1005 2742 P3
1124 2712 1191 2742 425
1224 2706 1258 2741 δ’
1284 2708 1326 2751 P,
1365 2707 1432 2752 γὰρ
1466 2717 1641 2750 superscr.
1670 2707 1721 2739 1³²

259 2784 327 2813 430
353 2768 551 2822 πράσσετᾶι
578 2780 662 2822 LP,
690 2792 705 2813 ε
732 2779 867 2812 delevit
893 2780 943 2811 P2'
1026 2782 1094 2812 434
1120 2779 1222 2823 ποτε]
1248 2776 1354 2814 πόσις
1378 2777 1509 2810 Nauck
1599 2780 1666 2809 435
1692 2781 1766 2809 τοῖ-

261 2844 317 2866 σιν
345 2838 378 2875 (ι’
406 2832 441 2865 in
469 2843 539 2865 ras.
567 2844 612 2865 m.
635 2837 653 2865 2
681 2833 760 2875 scr.)
787 2832 831 2873 L,
858 2837 950 2865 τοῖσι
977 2830 1013 2864 δ’
1038 2832 1072 2863 Ρ
