1967 3147
256 107 312 146 24
875 105 1143 138 ΕΥΡΙΠΙΔΟΥ

429 215 589 261 κακοὺς
620 211 815 266 ἐφηῦρον
847 208 896 253 εὗ
927 212 1152 259 παθόντας
1183 210 1226 262 ἐξ
1258 210 1377 265 ἐμοῦ,

426 290 484 341 τῷ
516 284 749 339 καλλινίκῳ
781 279 884 338 τῷδ’
922 282 1039 338 ὅπλῳ
1072 282 1350 335 χειρώσομαι·
1694 291 1761 322 570

426 356 528 403 τοὺς
561 351 608 395 δὲ
639 359 872 407 πτερωτοῖς
905 353 1132 406 διαφορῶν
1162 352 1393 405 τοξεύμασι

427 432 594 480 νεκρῶν
626 420 779 464 ἅπαντ’
811 420 1015 475 Ἰσμηνὸν
1048 421 1250 476 ἐμπλήσω
1282 424 1439 475 φόνου,

429 498 595 550 Δίρκης
626 509 670 535 τε
702 499 817 546 νᾶμα
851 494 1007 534 λευκὸν
1040 493 1364 547 αἱμαχθήσεται.

428 573 486 624 τῷ
519 565 601 619 γάρ
634 560 676 618 μ’
714 563 897 618 ἀμύνειν
930 566 1094 617 μᾶλλον
1128 563 1152 616 ἢ
1187 564 1370 617 δάμαρτι
1402 565 1482 618 χρὴ

430 636 501 679 καὶ
532 634 655 677 παισὶ
687 633 758 676 καὶ
790 636 977 685 τεκόντι;
1009 636 1252 688 χαιρόντων
1283 635 1430 675 πόνοι·
1697 644 1763 674 575

431 709 570 762 μάτην
602 708 684 760 γὰρ
717 705 877 754 αὐτοὺς
908 705 1047 746 τῶνδε
1079 708 1245 759 μᾶλλον
1277 705 1432 758 ἤνυσα.

430 777 500 820 καὶ
533 779 603 818 δεῖ
631 775 672 831 μ’
711 773 820 830 ὑπὲρ
852 774 1003 828 τῶνδ’,
1037 779 1155 829 εἴπερ
1189 771 1272 816 οἵδ’
1307 772 1413 830 ὑπὲρ
1446 777 1632 830 πατρός,

434 848 647 903 θνῄσκειν
679 842 902 900 ἀμύνοντ’·
935 845 961 899 ἢ
993 848 1039 887 τί
1067 847 1265 900 φήσομεν
1295 846 1428 887 καλὸν

432 920 546 974 ὕδρα
578 915 656 972 μὲν
689 917 837 958 ἐλθεῖν
870 916 912 965 ἐς
944 917 1084 970 μάχην
1115 915 1264 958 λέοντί
1291 932 1335 958 τε

434 987 703 1044 Εὐρυσθέως
734 994 960 1041 πομπαῖσι,
993 994 1081 1028 τῶν
1114 983 1152 1028 δ’
1189 986 1305 1041 ἐμῶν
1336 985 1499 1028 τέκνων
1702 996 1768 1026 580

436 1060 514 1101 οὐκ
548 1058 772 1110 ἐκπονήσω
805 1057 1024 1107 θάνατον;
1057 1056 1136 1098 οὐκ
1168 1054 1234 1111 ἄρ’
1266 1054 1483 1110 “Ηρακλῆς

436 1131 457 1172 ὁ
490 1131 738 1178 καλλίνικος
770 1128 827 1176 ὡς
859 1128 1045 1181 πάροιθε
1079 1126 1264 1182 λέξομαι.

263 1207 350 1245 XO.
435 1203 580 1243 δίκαια
612 1201 714 1248 τοὺς
744 1200 947 1247 τεκόντας
980 1198 1166 1252 ὠφελεῖν
1197 1197 1324 1240 τέκνα

436 1270 599 1325 πατέρα
631 1285 675 1311 τε
707 1268 902 1323 πρέσβυν
934 1270 1013 1322 τήν
1044 1285 1089 1310 τε
1122 1270 1338 1310 κοινωνὸν
1370 1269 1532 1323 γάμων.

262 1347 364 1387 ΑΜ
439 1343 546 1396 πρὸς
577 1346 659 1382 σοῦ
691 1338 784 1394 μέν,
818 1336 850 1380 ὦ
883 1346 971 1393 παῖ,
1003 1346 1093 1388 τοῖς
1126 1341 1272 1393 φίλοις
1303 1337 1339 1380 τ’
1371 1336 1482 1381 εἶναι
1515 1343 1647 1394 φίλον
1705 1351 1770 1381 585

437 1413 487 1455 τά
518 1409 556 1453 τ’
591 1411 727 1465 ἐχθρὰ
759 1417 921 1464 μισεῖν·
955 1409 1062 1450 ἀλλὰ
1093 1410 1150 1463 μὴ
1179 1407 1348 1463 ’πείγου
1381 1412 1490 1452 λίαν.

263 1489 351 1527 ΗΡ.
442 1485 487 1524 τί
516 1480 555 1523 δ’
592 1480 681 1523 ἐστὶ
712 1482 851 1522 τῶνδε
883 1485 1057 1521 θᾶσσον
1089 1480 1114 1534 ἢ
1147 1481 1300 1535 χρεών,
1332 1481 1482 1535 πάτερ;

264 1558 368 1598 AM.
439 1554 628 1602 πολλοὺς
659 1550 865 1606 πένητας,
898 1551 1074 1605 ὀλβίους
1107 1549 1153 1592 δὲ
1185 1556 1243 1607 τῷ
1277 1553 1391 1607 λόγῳ

442 1627 681 1672 δοκοῦντας
713 1620 826 1664 εἶναι
858 1623 1110 1676 συμμάχους
1142 1622 1247 1672 ἄναξ
1282 1624 1380 1676 ἔχει,

441 1699 486 1737 οἳ
515 1694 667 1736 στάσιν
700 1695 868 1747 ἔθηκαν
900 1691 971 1734 καὶ
1004 1693 1218 1734 διώλεσαν
1249 1695 1378 1734 πόλιν
1707 1703 1773 1733 590

443 1761 510 1818 ἐφ’
548 1765 784 1819 ἁρπαγαῖσι
815 1771 903 1805 τῶν
934 1762 1084 1817 πέλας,
1117 1765 1168 1804 τὰ
1200 1762 1237 1805 δ’
1277 1764 1324 1805 ἐν
1358 1765 1507 1818 δόμοις

443 1837 677 1878 δαπάναισι
709 1836 883 1889 φροῦδα
917 1832 1183 1887 διαφυγόνθ’
1221 1831 1293 1875 ὑπ’
1331 1833 1493 1887 ἀργίας.

445 1909 600 1960 ὤφθης
633 1905 828 1948 ἐσελθὼν
860 1906 1007 1946 πόλιν·
1041 1903 1130 1945 ἐπεὶ
1165 1902 1205 1945 δ’
1241 1905 1419 1958 ὤφθης,
1450 1905 1530 1959 ὅρα

445 1978 632 2033 ἐχθροὺς
664 1976 876 2031 ἀθροίσας
908 1976 964 2030 μὴ
997 1976 1112 2029 παρὰ
1143 1975 1322 2029 γνώμην
1353 1974 1496 2030 πέσῃς.

270 2053 357 2091 ΗΡ.
444 2048 561 2103 μέλει
594 2045 673 2102 μὲν
706 2044 838 2088 οὐδὲν
871 2050 913 2087 εἴ
940 2061 991 2100 με
1022 2043 1121 2086 πᾶσ’
1160 2041 1275 2086 εἶδεν
1306 2047 1447 2095 πόλις·
1711 2058 1776 2089 595

367 2240 431 2269 569
459 2235 615 2278 ἐφεῦρον
642 2235 686 2276 L,
721 2233 901 2276 ε’ὐφεῦρον
929 2233 961 2267 G
1059 2236 1195 2266 571-43
1222 2243 1345 2266 versus
1372 2231 1531 2277 suspecti
1629 2236 1693 2266 571
1720 2246 1779 2267 το-

273 2290 444 2333 ξεύμασιν
471 2289 482 2321 I
555 2290 621 2320 575
648 2284 829 2331 χερόντων
858 2286 900 2329 G,
929 2297 1017 2320 (sorr.
1038 2298 1059 2331 {J
1082 2287 1085 2330 Ι
1108 2283 1265 2331 τεκόντι]
1292 2285 1510 2328 Wakefield,
1538 2282 1680 2329 γέροντι
1700 2286 1780 2320 LG

320 2346 386 2376 570
415 2341 514 2374 cleleb
538 2339 771 2381 Herwerden,
811 2342 971 2372 576—82
998 2338 1213 2372 Holthoefer
1287 2341 1352 2372 581
1381 2337 1568 2381 ἐκπονήσω
1595 2337 1779 2384 θάνατον]

274 2394 442 2428 ἐκπονεῖν
469 2390 612 2435 σωτήρι’
643 2391 815 2435 Hartung
935 2395 1000 2425 582
1028 2391 1202 2437 πάροιθε]
1230 2391 1403 2434 Ehnsley‚
1435 2391 1620 2435 πάροιθεν
1645 2391 1722 2426 LG

274 2450 340 2480 583
368 2448 444 2480 XO.
473 2456 541 2479 om.
564 2445 651 2487 LG,
679 2443 825 2477 addidit
844 2444 1025 2487 Tyrwhitt,
1048 2453 1051 2489 Ι
1075 2443 1201 2478 δίκαιά
1228 2456 1282 2478 τοι
1308 2442 1459 2478 τεκόντα
1487 2443 1519 2478 σ’
1549 2444 1781 2487 Herwerden,

274 2499 354 2533 fort.
383 2497 510 2532 δίκαια
536 2497 600 2532 τὸν
626 2495 777 2530 τεκόντα
805 2497 838 2529 σ’
938 2501 1004 2530 555
1032 2496 1152 2541 φίλοις
1176 2495 1227 2542 τ’]
1255 2497 1537 2541 Radermacher,
1565 2495 1686 2540 φίλοις
1705 2497 1781 2531 LG

323 2556 388 2585 586
415 2552 589 2595 Megarae
615 2551 703 2583 nota
729 2560 833 2583 erasa
858 2549 896 2583 in
925 2550 957 2584 G
1055 2554 1119 2583 587
1149 2549 1426 2594 Amphitryonis
1456 2551 1544 2584 noba
1571 2560 1675 2583 erasa
1706 2549 1781 2583 Me-

275 2616 387 2649 garae
412 2615 545 2638 nomen
570 2601 808 2648 praescripsit
832 2614 853 2646 9
957 2606 1022 2636 538
1049 2604 1175 2637 nobam
1201 2614 1268 2636 om.
1300 2603 1343 2646 G,
1375 2601 1651 2646 Amphitryonis
1677 2612 1781 2646 prae-

277 2656 424 2701 scripsib
448 2669 469 2702 gy
493 2657 496 2702 Ι
520 2654 558 2690 δε
586 2667 654 2689 om.
684 2656 727 2698 G,
755 2666 930 2699 superscr.
958 2668 979 2700 η
1069 2659 1136 2689 590
1163 2653 1269 2688 πόλιν
1296 2655 1340 2697 L,
1366 2654 1476 2688 πάλιν
1504 2655 1536 2688 G
1621 2657 1687 2687 592
1714 2652 1777 2688 ὑπ’

278 2708 422 2754 ἀργίας]
450 2714 513 2743 σοῦ
541 2707 790 2753 βραδύνοντος
816 2718 990 2752 superser.
1018 2708 1051 2741 L
1163 2711 1229 2741 593
1256 2707 1339 2741 fort.
1360 2707 1492 2751 ὤφθης
1517 2705 1552 2740 δ’
1579 2707 1582 2751 Ι
1606 2705 1780 2751 ἐσελθὼν]

278 2761 477 2803 Kiruhhoff,
505 2761 668 2795 ἐπελθὼν
695 2761 772 2795 LG
878 2764 943 2794 594
971 2760 1104 2805 ἐχθρὸς
1132 2760 1175 2803 G,
1203 2771 1291 2794 corr.
1318 2771 1340 2804 9
1445 2762 1510 2793 595
1538 2760 1710 2792 HP.·0m.
1737 2759 1781 2802 L,

279 2814 362 2847 add.
390 2815 411 2857 l,
439 2812 512 2848 εἶδε
538 2814 583 2858 L,
610 2810 707 2847 εἶδεν
734 2814 745 2846 l
