1967 3147
286 130 339 169 14
904 133 1173 166 ΕΥΡΙΠΙΔΟΥ

455 237 603 278 δεινὸν
634 239 813 291 νομίζω·
845 243 903 294 τῷ
939 237 976 279 δ’
1014 238 1234 296 ἀναγκαίῳ
1266 241 1411 296 τρόπῳ

457 306 504 356 ὃς
535 306 765 349 ἀντιτείνει
798 309 951 350 σκαιὸν
983 309 1172 363 ἡγοῦμαι
1204 312 1387 364 βροτῶν.

456 378 568 431 ἡμᾶς
601 375 658 431 δ’,
691 377 838 432 ἐπειδὴ
873 379 942 420 δεῖ
970 383 1142 433 θανεῖν,
1174 379 1387 435 θνῄσκειν
1419 383 1558 436 χρεὼν

457 449 514 502 μὴ
546 446 651 502 πυρὶ
682 448 1047 500 καταξανθέντας,
1082 449 1309 504 ἐχθροῖσιν
1340 450 1481 504 γέλων
1724 465 1793 496 ‘285

459 519 682 571 διδόντας,
715 517 844 572 οὑμοὶ
875 525 953 560 τοῦ
985 524 1144 561 θανεῖν
1176 522 1321 574 μεῖζον
1353 524 1498 564 κακόν.

459 589 693 643 ὀφείλομεν
724 589 806 643 γὰρ
839 590 977 630 πολλὰ
1010 591 1208 644 δώμασιν
1238 592 1365 633 καλοί·

458 657 505 700 σὲ
537 657 617 713 μὲν
649 660 826 713 δόκησις
858 661 1011 713 ἔλαβεν
1042 660 1220 714 εὐκλεὴς
1251 662 1400 716 δορός,

458 728 557 770 ὥστ’
594 730 674 771 οὐκ
706 729 887 772 ἀνεκτὸν
920 731 1083 780 δειλίας
1114 736 1272 774 θανεῖν
1304 730 1345 774 σ’
1382 733 1485 775 ὕπο·

458 800 592 853 οὑμὸς
624 798 662 840 δ’
701 800 1001 854 ἀμαρτύρητος
1033 801 1113 843 οὐκ
1145 804 1263 844 ἔστιν
1295 805 1433 857 πόσις,
1727 817 1793 847 290

457 871 515 919 ὡς
546 871 704 911 τούσδε
735 872 893 920 παῖδας
925 871 1004 912 οὐκ
1036 870 1090 912 ἂν
1123 872 1306 914 ἐκσῶσαι
1338 873 1463 915 θέλοι

460 940 593 990 δόξαν
624 941 762 994 κακὴν
794 943 1025 994 λαβόντας·
1058 942 1104 982 οἱ
1131 943 1213 995 γὰρ
1247 943 1435 995 εὐγενεῖς

457 1011 671 1065 κάμνουσι
703 1018 793 1061 τοῖς
824 1013 1042 1065 αἰσχροῖσι
1075 1019 1161 1053 τῶν
1192 1012 1356 1055 τέκνων
1388 1014 1513 1068 ὕπερ·

458 1081 557 1135 ἐμοί
583 1097 628 1123 τε
660 1080 812 1136 μίμημ’
850 1081 1011 1135 ἀνδρὸς
1047 1082 1127 1124 οὐκ
1159 1082 1392 1126 ἀπωστέον.

457 1151 611 1202 σκέψαι
645 1150 692 1193 δὲ
723 1153 802 1205 τὴν
835 1153 917 1206 σὴν
949 1151 1087 1194 ἐλπίδ’
1122 1147 1148 1208 ᾗ
1182 1156 1421 1208 λογίζομαι’
1724 1167 1791 1196 295

456 1222 575 1276 ἥξειν
606 1225 793 1277 νομίζεις
823 1224 957 1264 παῖδα
990 1223 1069 1264 σὸν
1100 1225 1225 1276 γαίας
1254 1225 1358 1265 ὕπο·

456 1291 527 1334 καὶ
558 1295 622 1342 τίς
654 1295 887 1334 θανόντων
918 1290 1057 1347 ἦλθεν
1089 1293 1130 1343 ἐξ
1152 1293 1306 1336 ’Ἀιδου
1337 1296 1489 1343 πάλινς

458 1359 550 1405 ἀλλ’
588 1363 645 1412 ὡς
678 1365 845 1417 λόγοισι
877 1365 1006 1405 τόνδε
1038 1364 1339 1418 μαλθάξαιμεν
1371 1367 1444 1416 ἄν;

456 1435 626 1487 ἥκιστα
659 1435 840 1487 φεύγειν
872 1435 1024 1475 σκαιὸν
1057 1433 1181 1488 ἄνδρ’
1219 1435 1381 1489 ἐχθρὸν
1413 1436 1565 1489 χρεών,

458 1511 636 1557 σοφοῖσι
670 1502 707 1544 δ’
747 1507 878 1544 εἴκειν
909 1502 980 1545 καὶ
1005 1503 1323 1559 τεθραμμένοις
1354 1509 1510 1554 καλῶς·
1725 1519 1792 1547 3ου

458 1573 568 1629 ῥᾷον
600 1575 682 1627 γὰρ
715 1575 867 1623 αἰδοῦς
898 1573 1133 1627 ὑποβαλὼν
1165 1573 1252 1628 φίλ’
1291 1574 1345 1616 ἂν
1376 1576 1531 1630 τύχοις.

456 1646 539 1698 ἤδη
574 1645 612 1685 δ’
648 1643 811 1698 ἐσῆλθέ
841 1641 884 1698 μ’
920 1645 960 1685 εἰ
991 1647 1371 1699 παραιτησαίμεθα

459 1716 603 1768 φυγὰς
633 1714 799 1756 τέκνων
831 1711 969 1756 τόνδ’·
1003 1715 1110 1756 ἀλλὰ
1141 1714 1213 1756 καὶ
1243 1713 1334 1757 τόδ’
1371 1717 1544 1771 ἄθλιον,

457 1787 584 1840 πενίᾳ
616 1787 699 1826 σὺν
732 1786 882 1840 οἰκτρᾷ
915 1787 1165 1839 περιβαλεῖν
1197 1789 1434 1839 σωτηρίαν·

458 1857 515 1905 ὡς
544 1856 595 1897 τὰ
628 1855 763 1905 ξένων
794 1856 1004 1907 πρόσωπα
1036 1856 1280 1909 φεύγουσιν
1311 1859 1456 1910 φίλοις
1723 1870 1790 1900 305

459 1928 507 1967 ἓν
538 1923 652 1980 ἦμαρ
683 1926 768 1979 ἡδὺ
800 1923 952 1979 βλέμμ’
991 1928 1104 1979 ἔχειν
1136 1925 1272 1979 φασὶν
1303 1928 1452 1980 μόνον.

458 1999 594 2050 τόλμα
627 1993 729 2050 μεθ’
764 1996 887 2050 ἡμῶν
917 1997 1129 2047 θάνατον,
1163 1997 1210 2043 ὃς
1241 1997 1360 2051 μένει
1392 1996 1432 2038 σ’
1469 1999 1594 2052 ὅμως.

458 2064 783 2121 προκαλούμεθ’
819 2065 1059 2120 εὐγένειαν,
1092 2064 1124 2108 ὦ
1157 2065 1301 2122 γέρον,
1335 2067 1485 2109 σέθεν·

459 2139 534 2186 τὰς
565 2145 652 2178 τῶν
683 2142 804 2178 θεῶν
835 2138 917 2191 γὰρ
950 2137 1068 2186 ὅστις
1099 2136 1309 2192 ἐκμοχθεῖ
1335 2139 1485 2193 τύχας,

457 2209 686 2263 πρόθυμός
719 2207 850 2260 ἐστιν,
883 2207 907 2261 ἡ
940 2210 1169 2262 προθυμία
1202 2207 1239 2248 δ’
1278 2210 1452 2263 ἄφρων·
1726 2222 1793 2251 310

378 2364 443 2393 ⁴252
460 2372 512 2402 sq.
539 2357 729 2404 ἀναγκαίῳ
756 2359 895 2403 βροτῶν
924 2387 928 2391 .
954 2387 959 2392 ,
986 2357 1145 2402 ἡγοῦμαι
1170 2358 1307 2401 τρόπον
1333 2359 1463 2393 Nauck
1542 2364 1609 2394 283
1636 2361 1792 2405 βροτῶν]

285 2414 431 2456 Pol-son,
459 2410 590 2458 βροτόν
618 2412 693 2445 LG
802 2415 868 2444 284
897 2413 954 2444 δεῖ
979 2422 1048 2444 om.
1077 2411 1111 2444 G
1219 2415 1285 2444 ‘235
1313 2411 1478 2456 ἐχθροῖσι
1506 2412 1549 2455 L,
1577 2425 1597 2446 ν
1624 2412 1707 2445 add.
1735 2414 1747 2446 I

283 2470 350 2499 286
373 2464 560 2509 διδόντας]
583 2462 764 2507 ὀφλόντας
784 2463 915 2497 Nauck
938 2465 941 2507 Ῑ
966 2463 1071 2507 ὁύμοὶἸ
1092 2464 1179 2506 LG,
1200 2464 1238 2497 in
1258 2474 1372 2508 marg.
1395 2463 1413 2498 ὃ
1435 2463 1514 2508 ἐμοὶ
1533 2465 1567 2498 L
1640 2468 1707 2497 290
1728 2466 1793 2499 οὐκ

284 2519 395 2563 ἔστιν]
422 2517 654 2559 Hel-werden,
682 2516 827 2560 εὐκλεὴς
850 2517 925 2549 LG
953 2518 1009 2560 (ex
1031 2529 1062 2551 v.
1084 2518 1166 2559 288)
1264 2521 1331 2550 293
1359 2517 1554 2562 αἰσχροῖσι]
1581 2517 1623 2550 Η.
1639 2517 1794 2560 Stepha-

283 2583 361 2613 11118,
389 2570 550 2615 ἐχθροῖσι
580 2570 613 2602 L
624 2569 655 2603 G
736 2572 801 2602 29ss
828 2567 904 2612 ἥξει
935 2570 977 2611 (r',
1005 2581 1094 2603 corr.
1120 2581 1142 2614 9
1164 2570 1168 2615 Ι
1191 2568 1277 2615 ὕπο]
1305 2569 1381 2604 ἄνω
1407 2569 1538 2603 Nauck
1610 2573 1675 2602 301
1704 2570 1792 2604 ’ὑπο-

283 2624 419 2668 βαλὼν]
447 2623 603 2665 Brunck,
630 2622 823 2666 «ὑπολαβὼν
849 2622 926 2655 LG
955 2624 958 2666 1
988 2621 1063 2665 φίλ’
1095 2621 1141 2657 ἂν
1166 2623 1302 2667 τύχοις]
1329 2622 1371 2656 Η.
1400 2622 1618 2666 Stephanus,
1645 2620 1720 2665 φίλ’
1745 2621 1792 2657 ἂν

284 2675 403 2719 τέμοις
429 2676 517 2719 LG,
543 2675 581 2708 in
606 2686 720 2718 marg.
748 2688 800 2718 γρ.
823 2673 898 2717 φίλ’
930 2673 976 2708 ἂν
1002 2677 1115 2714 τελοῖς
1141 2676 1185 2718 L,
1211 2677 1326 2714 τελοῑς
1351 2674 1463 2708 etiam
1488 2686 1510 2719 g]
1582 2678 1648 2707 303
1669 2673 1791 2720 τόνδ’]

284 2728 424 2773 scripsi,
450 2727 560 2762 τῶνδ’
591 2728 667 2762 LG
764 2731 830 2760 305
858 2727 1030 2771 φεύγουσι
1060 2728 1105 2771 L,
1132 2741 1152 2761 ν
1179 2727 1261 2761 add.
1288 2728 1299 2761 Z
1321 2728 1324 2772 Ι
1348 2725 1483 2771 φίλοις]
1511 2726 1703 2769 Matthiae,
1731 2725 1791 2770 φί-

283 2784 334 2815 λοι
364 2782 441 2815 LG
543 2784 610 2814 307
639 2779 747 2825 ὅμως]
774 2779 855 2813 fort.
885 2780 979 2823 ὁμῶς
1081 2784 1147 2813 308
1173 2778 1448 2823 προκαλούμεθ’
1478 2778 1585 2812 litera
1610 2781 1695 2823 post
1720 2792 1791 2823 προ

284 2844 388 2867 erasa
415 2834 448 2867 L
569 2836 635 2865 :509
663 2832 826 2877 ἐκμοχθῆ
855 2832 899 2874 G,
926 2833 1101 2877 ἐκμοχθεῖ
1123 2844 1145 2877 {l
