1967 3147
278 115 330 155 38
896 117 1164 149 ΕΥΡΙΠΙΔΟΥ

452 228 644 278 στρεπτῷ
678 223 842 278 σιδήρῳ
876 223 1202 277 συντριαινώσω
1234 223 1375 265 πάλιν.

452 292 498 334 ἐκ
530 299 607 334 τοῦ
641 290 687 333 δὲ
720 294 886 345 βαίνων
918 291 1072 348 ἅρματ’
1110 294 1190 335 οὐκ
1221 296 1331 348 ἔχων
1364 295 1477 348 ἔχειν

455 364 611 417 ἔφασκε
647 364 810 416 δίφρου
840 361 877 404 τ’
917 363 1159 418 εἰσέβαινεν
1191 365 1356 417 ἄντυγα

452 434 644 485 κᾶθεινε,
677 432 839 490 κέντρῳ
874 434 1012 487 δῆθεν
1044 434 1100 483 ὡς
1131 436 1309 487 θείνων,
1342 437 1445 489 χερί.

453 505 639 545 διπλοῦν
673 502 709 544 δ’
750 504 928 553 ὀπαδοῖς
958 501 1027 557 ἧν,
1061 503 1194 558 γέλως
1226 506 1364 559 φόβος
1395 504 1439 546 θ’
1473 505 1595 559 ὁμοῦ.
1716 517 1784 547 950

452 576 527 615 καί
554 590 618 622 τις
649 572 740 615 τόδ’
781 571 914 627 εἶπεν,
947 575 1077 624 ἄλλος
1109 576 1168 624 είς
1201 576 1334 617 ἄλλον
1367 576 1557 630 δρακών·

452 647 589 694 παίζει
621 647 728 697 πρὸς
760 645 868 699 ἡμᾶς
901 646 1111 700 δεσπότης
1142 646 1167 700 ἢ
1200 648 1416 700 μαίνεται;

453 715 475 757 ὃ
510 714 547 757 δ’
586 711 696 769 εἷρπ’
733 716 822 757 ἄνω
855 731 899 757 τε
931 714 1002 757 καὶ
1034 717 1147 758 κάτω
1180 717 1287 758 κατὰ
1321 716 1493 771 στέγας,

453 785 587 840 μέσον
622 785 660 826 δ’
698 785 739 835 ἐς
772 785 959 840 ἀνδρῶν’
999 786 1194 828 ἐσπεσὼν
1226 789 1371 829 Νίσου
1403 791 1532 830 πόλιν

453 858 574 910 ἥκειν
607 859 782 910 ἔφασκε,
817 857 1027 910 δωμάτων
1061 859 1144 898 ἔσω
1176 860 1325 911 βεβώς.
1721 872 1786 901 955

452 925 621 976 κλιθεὶς
654 923 692 967 δ’
729 927 771 976 ἐς
792 923 939 976 ὀὖδας
971 927 1028 976 ὡς
1061 926 1150 968 ἐκεῖ
1179 928 1426 978 σκευάζεται

453 999 628 1051 θοίνην.
693 998 884 1039 διελθὼν
916 996 954 1038 δ’
992 997 1038 1039 ἐν
1071 1000 1226 1052 βραχεῖ
1253 1000 1414 1052 χρόνον
1446 1007 1582 1055 μονῆς

450 1066 632 1122 Ἰσθμοῦ
663 1070 848 1117 ναπαίας
881 1070 999 1122 ἔλεγε
1031 1070 1316 1122 προσβαίνειν
1347 1070 1522 1119 πλάκας.

455 1139 681 1180 κάνταῦθα
714 1139 884 1192 γυμνὸν
917 1146 1039 1193 σῶμα
1072 1138 1168 1188 θεὶς
1199 1141 1509 1194 πορπαμάτων,

453 1211 562 1263 πρὸς
594 1207 738 1251 οὐδέν’
776 1209 984 1263 ἡμιλλᾶτο
1017 1209 1311 1264 κάκηρύσσετο
1723 1224 1790 1255 9ss0

456 1281 585 1330 αὐτὸς
616 1281 723 1335 πρὸς
757 1280 893 1321 αὑτοῦ
923 1283 1170 1330 καλλίνικος
1203 1281 1404 1335 οὐδενός,

457 1352 592 1405 ἀκοὴν
624 1351 830 1392 ὑπειπών.
895 1351 1017 1392 δεινὰ
1051 1349 1087 1392 δ’
1126 1351 1358 1406 Εὐρυσθεῖ
1385 1351 1560 1407 βρέμων

456 1420 510 1475 ἧν
543 1422 590 1463 ἐν
622 1423 853 1474 Μυκήναις
885 1423 942 1477 τῷ
977 1423 1102 1479 λόγῳ.
1165 1422 1303 1476 πατὴρ
1337 1422 1388 1464 δέ
1415 1439 1487 1464 νιν

456 1493 599 1546 θιγὼν
632 1498 837 1546 κραταιᾶς
869 1493 1012 1547 χειρὸς
1045 1491 1214 1534 ἐννέπει
1245 1493 1364 1534 τάδε·

459 1561 490 1604 ὦ
523 1571 618 1615 παῖ,
650 1564 696 1603 τί
723 1562 918 1616 πάσχεις;
952 1565 1015 1612 τίς
1048 1562 1069 1604 ὁ
1103 1565 1261 1617 τρόπος
1294 1563 1511 1614 ξενώσεως
1724 1577 1790 1607 965

457 1631 597 1688 τῆσδ’;
633 1633 685 1675 οὔ
716 1636 761 1674 τί
788 1647 873 1674 που
906 1635 1044 1687 φόνος
1076 1632 1114 1674 σ’
1151 1633 1411 1687 ἐβάκχευσεν
1443 1643 1622 1690 νεκρῶν,

460 1705 536 1754 οὓς
568 1706 663 1758 ἄρτι
695 1706 874 1753 καίνεις;
909 1703 931 1745 ὃ
965 1702 1016 1745 δέ
1044 1720 1114 1745 νιν
1146 1704 1413 1758 Εὐρυσθέως
1445 1706 1587 1747 δοκῶν

458 1775 621 1828 πατέρα
652 1772 982 1828 προταρβοῦνθ’
1021 1773 1184 1816 ἱκέσιον
1216 1776 1374 1824 ψαύειν
1406 1778 1548 1830 χερός,

462 1846 588 1900 ὠθεῖ,
620 1844 842 1899 φαρέτραν
876 1842 914 1886 δ’
952 1845 1133 1899 εὐτρεπῆ
1167 1846 1413 1896 σκευάζεται

459 1915 529 1958 καὶ
560 1913 644 1966 τόξ’
685 1915 841 1957 ἑαυτοῦ
873 1918 1014 1965 παισί,
1047 1917 1148 1966 τοὺς
1180 1915 1447 1969 Εὐρυσθέως
1726 1929 1793 1958 970

463 1988 605 2028 δοκῶν
639 1987 857 2039 φονεύειν.
921 1988 966 2027 οἳ
995 1984 1042 2028 δὲ
1073 1989 1336 2040 ταρβοῦντες
1368 1989 1491 2043 φόβῳ

460 2059 633 2111 ὤρουον
664 2058 794 2106 ἄλλος
826 2055 992 2109 &noo-³,
1027 2057 1068 2106 ές
1098 2056 1288 2107 πέπλους
1321 2058 1342 2099 ὃ
1376 2055 1454 2111 μὲν

461 2130 620 2182 μητρὸς
651 2130 876 2181 ταλαίνης,
910 2127 932 2169 ὃ
966 2125 1005 2169 δ’
1043 2128 1126 2170 ὑπὸ
1159 2130 1304 2177 κίονος
1337 2129 1476 2181 σκιάν,

461 2201 590 2248 ἄλλος
622 2196 668 2240 δὲ
701 2200 850 2252 βωμὸν
883 2200 1004 2254 ὄρνις
1037 2199 1093 2247 ὣς
1125 2197 1265 2253 ἔπτηξ’
1302 2199 1398 2242 ὕπο.

379 2360 445 2389 946
473 2355 758 2400 συντριαινώσω]
785 2355 827 2389 Η.
851 2355 1070 2400 Stephanus7
1098 2355 1393 2398 avvwzrmvo'mfw
1420 2356 1496 2390 LG
1525 2357 1528 2400 Ι
1556 2355 1683 2401 πάλιν]
1711 2355 1794 2390 Soa-

285 2409 389 2453 ]iger,
421 2407 528 2443 πόλιν
554 2409 632 2453 LjG
753 2412 817 2442 947
844 2414 908 2442 τοῦ
935 2407 990 2453 δὲ]
1018 2408 1299 2452 Radermacher,
1332 2410 1438 2443 τοῦδε
1466 2409 1543 2442 LG
1575 2409 1579 2452 Ι
1615 2409 1727 2442 αὐτοῦ
1755 2407 1794 2442 δὲ

286 2460 425 2507 βαίνων
451 2461 519 2495 Dio
546 2460 670 2503 ChryS.
700 2465 741 2494 32
768 2473 791 2504 p
824 2465 889 2494 391
912 2461 949 2503 C,
975 2460 1113 2495 τοιαῦτ’
1145 2462 1265 2495 ἀλύων
1296 2461 1354 2495 Vel
1382 2459 1542 2495 ἀλαίνων
1572 2461 1795 2495 Herwerden

334 2518 400 2547 948
428 2512 564 2557 δίφρου
591 2512 625 2547 δ’
657 2515 693 2547 eb
719 2513 879 2557 ἄντυγας
904 2513 972 2547 Dio
1088 2518 1153 2548 949
1181 2512 1331 2557 κέντρον
1357 2515 1476 2558 δῆθεν
1502 2514 1549 2552 ὡς
1574 2513 1664 2557 ἔχων
1690 2513 1759 2547 Dio
1789 2514 1791 2558 Ι

286 2565 440 2612 θείνων]
463 2567 499 2600 L.
522 2579 550 2601 v,
574 2566 694 2609 SybeL
715 2565 838 2600 θένων
858 2567 935 2601 LG
1009 2570 1076 2600 950
1102 2566 1271 2611 διπλοῦν]
1299 2565 1427 2610 scripsi
1453 2567 1507 2610 (ut
1533 2564 1620 2599 olim
1639 2565 1794 2610 Nauck),

287 2621 438 2658 διπλοῦς
463 2619 541 2653 LG
647 2622 711 2652 951
740 2617 837 2664 τόδ’]
864 2617 938 2652 τότ’
969 2618 1130 2662 Elmsley
1236 2622 1302 2652 953
1330 2616 1454 2660 εἶρπεν
1479 2618 1557 2652 LG
1661 2622 1727 2651 957
1756 2618 1795 2652 ἐν

288 2672 430 2717 βραχεῖ]
459 2671 597 2715 scripsi,
625 2671 675 2710 εἰς
694 2672 834 2716 βραχὺν
855 2671 932 2705 LG
1018 2674 1084 2705 960
1111 2670 1219 2705 οὐδὲν
1242 2671 1284 2714 G,
1312 2669 1434 2705 οὐδέν’
1463 2682 1485 2715 {J
1507 2671 1510 2713 Ι
1533 2669 1794 2715 κάκηρύσσετο]

288 2725 431 2767 Maltby
458 2726 495 2757 eb
519 2723 671 2766 Resske,
710 2723 993 2767 κάξεκηρύσσετο
1026 2724 1102 2758 LG
1222 2727 1286 2757 961
1320 2724 1402 2758 fort.
1432 2722 1523 2765 πρὸς
1548 2722 1657 2761 αὐτὸς
1682 2723 1794 2756 αὑτοῦ

289 2777 364 2821 (cfr.
392 2777 519 2810 Aesch.
545 2777 662 2810 Prom.
690 2778 770 2820 762)
868 2780 933 2810 966
961 2775 991 2809 σ’
1024 2788 1091 2810 om.
1122 2776 1154 2810 G
1177 2777 1180 2820 Ι
1204 2775 1420 2821 ἐβάκχευσεν
1445 2787 1477 2820 9,
1504 2773 1698 2820 ἐβάκχευσε
1719 2775 1795 2810 LG

337 2834 403 2863 972
431 2829 568 2872 ὤρουεν
597 2831 628 2863 (r'
