<?xml version="1.0" encoding="UTF-8"?>
<!DOCTYPE html PUBLIC "-//W3C//DTD XHTML 1.0 Transitional//EN"
    "http://www.w3.org/TR/xhtml1/DTD/xhtml1-transitional.dtd">
<html xmlns="http://www.w3.org/1999/xhtml" xml:lang="en" lang="en">
 <head>
  <title>
</title>
<meta http-equiv="Content-Type" content="text/html;charset=utf-8" />
  <meta name='ocr-system' content='tesseract 3.04.00' />
  <meta name='ocr-capabilities' content='ocr_page ocr_carea ocr_par ocr_line ocrx_word'/>
</head>
<body>
  <div class='ocr_page' id='page_1' title='image "./euripidisfabulae02euriuoft/euripidisfabulae02euriuoft_0317.png"; bbox 0 0 1941 3204; ppageno 0'>
   <div class='ocr_carea' id='block_1_1' title="bbox 827 120 1692 160">
    <p class='ocr_par' dir='ltr' id='par_1_1' title="bbox 827 120 1692 160">
     <span class='ocr_line' id='line_1_1' title="bbox 827 120 1692 160; baseline 0.003 -9"><span class='ocrx_word' id='word_1_1' title='bbox 827 120 1000 151; x_wconf 84' lang='grc' dir='ltr'>ΗΡΛΚΛΙ</span> <span class='ocrx_word' id='word_1_2' title='bbox 1011 121 1054 151; x_wconf 78' lang='grc' dir='ltr'><em>[Σ</em></span> <span class='ocrx_word' id='word_1_3' title='bbox 1671 121 1692 160; x_wconf 78' lang='grc'>7</span> 
     </span>
    </p>
   </div>
   <div class='ocr_carea' id='block_1_2' title="bbox 168 224 1692 1908">
    <p class='ocr_par' dir='ltr' id='par_1_2' title="bbox 168 224 1692 1908">
     <span class='ocr_line' id='line_1_2' title="bbox 351 224 1451 280; baseline 0.002 -14"><span class='ocrx_word' id='word_1_4' title='bbox 351 224 543 277; x_wconf 84' lang='grc' dir='ltr'><em>φυλακαὶ</em></span> <span class='ocrx_word' id='word_1_5' title='bbox 576 227 658 278; x_wconf 87' lang='grc' dir='ltr'><em>γὰρ</em></span> <span class='ocrx_word' id='word_1_6' title='bbox 691 226 814 280; x_wconf 82' lang='grc' dir='ltr'><em>ἡμῶν</em></span> <span class='ocrx_word' id='word_1_7' title='bbox 846 227 1096 280; x_wconf 86' lang='grc' dir='ltr'><em>κρείσσονες</em></span> <span class='ocrx_word' id='word_1_8' title='bbox 1128 224 1219 267; x_wconf 88' lang='grc' dir='ltr'><em>κατ’</em></span> <span class='ocrx_word' id='word_1_9' title='bbox 1257 226 1451 276; x_wconf 84' lang='grc' dir='ltr'><em>ἐξόδους·</em></span> 
     </span>
     <span class='ocr_line' id='line_1_3' title="bbox 352 294 1210 351; baseline 0.002 -15"><span class='ocrx_word' id='word_1_10' title='bbox 352 294 448 336; x_wconf 81' lang='grc' dir='ltr'><em>οὔτ’</em></span> <span class='ocrx_word' id='word_1_11' title='bbox 484 295 532 337; x_wconf 88' lang='grc' dir='ltr'><em>ἐν</em></span> <span class='ocrx_word' id='word_1_12' title='bbox 563 299 760 350; x_wconf 76' lang='grc' dir='ltr'><em>φίλοισιν</em></span> <span class='ocrx_word' id='word_1_13' title='bbox 793 297 963 345; x_wconf 79' lang='grc' dir='ltr'><strong><em>ἐλπίδες</em></strong></span> <span class='ocrx_word' id='word_1_14' title='bbox 995 299 1210 351; x_wconf 89' lang='grc' dir='ltr'><em>σωτηριάς</em></span> 
     </span>
     <span class='ocr_line' id='line_1_4' title="bbox 353 362 1692 422; baseline 0.002 -15"><span class='ocrx_word' id='word_1_15' title='bbox 353 362 408 407; x_wconf 77' lang='grc' dir='ltr'><em>ἐτ’</em></span> <span class='ocrx_word' id='word_1_16' title='bbox 447 365 560 408; x_wconf 80' lang='grc' dir='ltr'><em>εἰσὶν</em></span> <span class='ocrx_word' id='word_1_17' title='bbox 592 367 706 421; x_wconf 83' lang='grc' dir='ltr'><em>ἡμῖν.</em></span> <span class='ocrx_word' id='word_1_18' title='bbox 770 365 910 421; x_wconf 77' lang='grc' dir='ltr'><em>ἥντιν’</em></span> <span class='ocrx_word' id='word_1_19' title='bbox 948 364 1029 409; x_wconf 86' lang='grc' dir='ltr'><em>οὖν</em></span> <span class='ocrx_word' id='word_1_20' title='bbox 1061 368 1240 422; x_wconf 79' lang='grc' dir='ltr'><em>γνώμην</em></span> <span class='ocrx_word' id='word_1_21' title='bbox 1275 370 1382 422; x_wconf 68' lang='grc' dir='ltr'><em>ἔχεις</em></span> <span class='ocrx_word' id='word_1_22' title='bbox 1650 382 1692 410; x_wconf 49' lang='grc' dir='ltr'><em>εἴ)</em></span> 
     </span>
     <span class='ocr_line' id='line_1_5' title="bbox 350 433 1362 494; baseline 0.002 -16"><span class='ocrx_word' id='word_1_23' title='bbox 350 435 437 490; x_wconf 85' lang='grc' dir='ltr'><em>λέγ’</em></span> <span class='ocrx_word' id='word_1_24' title='bbox 475 437 517 486; x_wconf 89' lang='grc' dir='ltr'><em>ἐς</em></span> <span class='ocrx_word' id='word_1_25' title='bbox 548 439 596 479; x_wconf 93' lang='grc' dir='ltr'><em>τὸ</em></span> <span class='ocrx_word' id='word_1_26' title='bbox 629 440 795 490; x_wconf 81' lang='grc' dir='ltr'><em>κοινόν,</em></span> <span class='ocrx_word' id='word_1_27' title='bbox 829 438 885 492; x_wconf 90' lang='grc' dir='ltr'><em>μὴ</em></span> <span class='ocrx_word' id='word_1_28' title='bbox 918 442 1079 479; x_wconf 79' lang='grc' dir='ltr'><em>θανεῖν</em></span> <span class='ocrx_word' id='word_1_29' title='bbox 1112 438 1286 492; x_wconf 63' lang='grc' dir='ltr'><em>ἕτοιμον</em></span> <span class='ocrx_word' id='word_1_30' title='bbox 1322 433 1362 494; x_wconf 72' lang='grc' dir='ltr'><em>ᾖ,</em></span> 
     </span>
     <span class='ocr_line' id='line_1_6' title="bbox 348 506 1284 562; baseline 0.001 -13"><span class='ocrx_word' id='word_1_31' title='bbox 348 510 509 561; x_wconf 86' lang='grc' dir='ltr'><em>χρόνον</em></span> <span class='ocrx_word' id='word_1_32' title='bbox 543 506 588 549; x_wconf 70' lang='grc' dir='ltr'><em>δὲ</em></span> <span class='ocrx_word' id='word_1_33' title='bbox 622 509 884 562; x_wconf 82' lang='grc' dir='ltr'><em>μηκύνωμεν</em></span> <span class='ocrx_word' id='word_1_34' title='bbox 917 509 1038 558; x_wconf 82' lang='grc' dir='ltr'><em>ὄντες</em></span> <span class='ocrx_word' id='word_1_35' title='bbox 1070 509 1284 558; x_wconf 74' lang='grc' dir='ltr'><em>ἀσθενεῖς.</em></span> 
     </span>
     <span class='ocr_line' id='line_1_7' title="bbox 174 575 1229 634; baseline 0.002 -16"><span class='ocrx_word' id='word_1_36' title='bbox 174 581 276 619; x_wconf 83' lang='lat' dir='ltr'><em>AM.</em></span> <span class='ocrx_word' id='word_1_37' title='bbox 348 575 380 619; x_wconf 83' lang='grc' dir='ltr'>ὦ</span> <span class='ocrx_word' id='word_1_38' title='bbox 415 579 623 632; x_wconf 79' lang='grc' dir='ltr'><em>θύγατερ,</em></span> <span class='ocrx_word' id='word_1_39' title='bbox 657 579 778 620; x_wconf 82' lang='grc' dir='ltr'><em>οὔτοι</em></span> <span class='ocrx_word' id='word_1_40' title='bbox 811 578 968 634; x_wconf 77' lang='grc' dir='ltr'><em>ῥᾴδιον</em></span> <span class='ocrx_word' id='word_1_41' title='bbox 1000 580 1051 620; x_wconf 83' lang='grc' dir='ltr'><em>τὰ</em></span> <span class='ocrx_word' id='word_1_42' title='bbox 1082 579 1229 621; x_wconf 79' lang='grc' dir='ltr'><em>τοιάδε</em></span> 
     </span>
     <span class='ocr_line' id='line_1_8' title="bbox 347 646 1437 703; baseline 0.004 -14"><span class='ocrx_word' id='word_1_43' title='bbox 347 649 526 701; x_wconf 81' lang='grc' dir='ltr'><em>φαύλως</em></span> <span class='ocrx_word' id='word_1_44' title='bbox 557 651 782 703; x_wconf 78' lang='grc' dir='ltr'><em>περαίνειν</em></span> <span class='ocrx_word' id='word_1_45' title='bbox 814 646 1110 691; x_wconf 74' lang='grc' dir='ltr'><em>σπουδάσαντ’</em></span> <span class='ocrx_word' id='word_1_46' title='bbox 1147 651 1253 692; x_wconf 75' lang='grc' dir='ltr'><em>ἄνευ</em></span> <span class='ocrx_word' id='word_1_47' title='bbox 1285 652 1437 693; x_wconf 93' lang='grc' dir='ltr'><em>πόνου.</em></span> 
     </span>
     <span class='ocr_line' id='line_1_9' title="bbox 170 719 1689 774; baseline 0.003 -15"><span class='ocrx_word' id='word_1_48' title='bbox 170 721 270 759; x_wconf 82' lang='grc' dir='ltr'><em>ΜΕ.</em></span> <span class='ocrx_word' id='word_1_49' title='bbox 349 720 486 772; x_wconf 87' lang='grc' dir='ltr'><em>λύπης</em></span> <span class='ocrx_word' id='word_1_50' title='bbox 519 735 558 760; x_wconf 90' lang='grc' dir='ltr'><em>τι</em></span> <span class='ocrx_word' id='word_1_51' title='bbox 589 721 796 773; x_wconf 75' lang='grc' dir='ltr'><em>προσδεῖς</em></span> <span class='ocrx_word' id='word_1_52' title='bbox 828 719 853 773; x_wconf 77' lang='grc' dir='ltr'><em>ἢ</em></span> <span class='ocrx_word' id='word_1_53' title='bbox 887 723 1028 772; x_wconf 83' lang='grc' dir='ltr'><em>φιλεῖς</em></span> <span class='ocrx_word' id='word_1_54' title='bbox 1061 720 1175 762; x_wconf 82' lang='grc' dir='ltr'><em>οὕτω</em></span> <span class='ocrx_word' id='word_1_55' title='bbox 1208 722 1338 774; x_wconf 82' lang='grc' dir='ltr'><em>φάος;</em></span> <span class='ocrx_word' id='word_1_56' title='bbox 1644 736 1689 764; x_wconf 72' lang='grc'><em>90</em></span> 
     </span>
     <span class='ocr_line' id='line_1_10' title="bbox 177 788 1308 846; baseline 0.004 -17"><span class='ocrx_word' id='word_1_57' title='bbox 177 792 274 829; x_wconf 81' lang='lat' dir='ltr'><em>AM.</em></span> <span class='ocrx_word' id='word_1_58' title='bbox 348 788 419 830; x_wconf 84' lang='grc' dir='ltr'><em>καὶ</em></span> <span class='ocrx_word' id='word_1_59' title='bbox 452 790 562 846; x_wconf 80' lang='grc' dir='ltr'><em>τῷδε</em></span> <span class='ocrx_word' id='word_1_60' title='bbox 594 791 730 845; x_wconf 88' lang='grc' dir='ltr'><em>χαίρω</em></span> <span class='ocrx_word' id='word_1_61' title='bbox 763 790 834 832; x_wconf 84' lang='grc' dir='ltr'><em>καὶ</em></span> <span class='ocrx_word' id='word_1_62' title='bbox 868 794 980 844; x_wconf 71' lang='grc' dir='ltr'><em>φιλῶ</em></span> <span class='ocrx_word' id='word_1_63' title='bbox 1013 791 1088 839; x_wconf 86' lang='grc' dir='ltr'><em>τὰς</em></span> <span class='ocrx_word' id='word_1_64' title='bbox 1120 791 1308 841; x_wconf 87' lang='grc' dir='ltr'><em>ἐλπίδας.</em></span> 
     </span>
     <span class='ocr_line' id='line_1_11' title="bbox 168 857 1373 917; baseline 0.003 -17"><span class='ocrx_word' id='word_1_65' title='bbox 168 863 267 900; x_wconf 81' lang='lat' dir='ltr'><em>ME.</em></span> <span class='ocrx_word' id='word_1_66' title='bbox 348 860 485 914; x_wconf 86' lang='grc' dir='ltr'><em>κάγώ’</em></span> <span class='ocrx_word' id='word_1_67' title='bbox 519 861 666 902; x_wconf 85' lang='grc' dir='ltr'><em>δοκεῖν</em></span> <span class='ocrx_word' id='word_1_68' title='bbox 700 859 746 902; x_wconf 78' lang='grc' dir='ltr'><em>δὲ</em></span> <span class='ocrx_word' id='word_1_69' title='bbox 780 857 977 916; x_wconf 83' lang='grc' dir='ltr'><em>τάδόκητ’</em></span> <span class='ocrx_word' id='word_1_70' title='bbox 1016 862 1068 903; x_wconf 86' lang='grc' dir='ltr'><em>οὐ</em></span> <span class='ocrx_word' id='word_1_71' title='bbox 1101 864 1197 917; x_wconf 75' lang='grc' dir='ltr'><em>χρή,</em></span> <span class='ocrx_word' id='word_1_72' title='bbox 1230 862 1373 917; x_wconf 83' lang='grc' dir='ltr'><em>γέρον.</em></span> 
     </span>
     <span class='ocr_line' id='line_1_12' title="bbox 168 930 1380 988; baseline 0.004 -18"><span class='ocrx_word' id='word_1_73' title='bbox 168 933 271 971; x_wconf 87' lang='grc' dir='ltr'><em>ΑΜ.</em></span> <span class='ocrx_word' id='word_1_74' title='bbox 346 930 392 971; x_wconf 86' lang='grc' dir='ltr'><em>ἐν</em></span> <span class='ocrx_word' id='word_1_75' title='bbox 425 938 516 980; x_wconf 83' lang='grc' dir='ltr'><em>ταῖς</em></span> <span class='ocrx_word' id='word_1_76' title='bbox 548 931 785 985; x_wconf 80' lang='grc' dir='ltr'><em>ἀναβολαῖς</em></span> <span class='ocrx_word' id='word_1_77' title='bbox 817 939 902 973; x_wconf 86' lang='grc' dir='ltr'><em>τῶν</em></span> <span class='ocrx_word' id='word_1_78' title='bbox 936 940 1080 974; x_wconf 84' lang='grc' dir='ltr'><em>κακῶν</em></span> <span class='ocrx_word' id='word_1_79' title='bbox 1113 932 1248 974; x_wconf 80' lang='grc' dir='ltr'><em>ἔνεστ’</em></span> <span class='ocrx_word' id='word_1_80' title='bbox 1287 935 1380 988; x_wconf 76' lang='grc' dir='ltr'><em>ἄκη.</em></span> 
     </span>
     <span class='ocr_line' id='line_1_13' title="bbox 170 1000 1434 1058; baseline 0.004 -17"><span class='ocrx_word' id='word_1_81' title='bbox 170 1004 270 1042; x_wconf 70' lang='grc' dir='ltr'><em>ΑΜΕ.</em></span> <span class='ocrx_word' id='word_1_82' title='bbox 347 1001 369 1042; x_wconf 88' lang='grc' dir='ltr'>ὁ</span> <span class='ocrx_word' id='word_1_83' title='bbox 404 1000 442 1042; x_wconf 84' lang='grc' dir='ltr'><em>δ’</em></span> <span class='ocrx_word' id='word_1_84' title='bbox 482 1001 528 1043; x_wconf 88' lang='grc' dir='ltr'><em>ἐν</em></span> <span class='ocrx_word' id='word_1_85' title='bbox 562 1002 677 1058; x_wconf 78' lang='grc' dir='ltr'><em>μέσῳ</em></span> <span class='ocrx_word' id='word_1_86' title='bbox 710 1018 760 1056; x_wconf 93' lang='grc' dir='ltr'><em>με</em></span> <span class='ocrx_word' id='word_1_87' title='bbox 795 1004 958 1055; x_wconf 83' lang='grc' dir='ltr'><em>λυπρὸς</em></span> <span class='ocrx_word' id='word_1_88' title='bbox 990 1003 1052 1044; x_wconf 83' lang='grc' dir='ltr'><em>ὢν</em></span> <span class='ocrx_word' id='word_1_89' title='bbox 1085 1004 1234 1045; x_wconf 85' lang='grc' dir='ltr'><em>δάκνει</em></span> <span class='ocrx_word' id='word_1_90' title='bbox 1267 1006 1434 1058; x_wconf 86' lang='grc' dir='ltr'><em>χρόνος.</em></span> 
     </span>
     <span class='ocr_line' id='line_1_14' title="bbox 170 1070 1687 1129; baseline 0.005 -17"><span class='ocrx_word' id='word_1_91' title='bbox 170 1074 272 1112; x_wconf 79' lang='lat' dir='ltr'><em>AM.</em></span> <span class='ocrx_word' id='word_1_92' title='bbox 347 1071 517 1125; x_wconf 85' lang='grc' dir='ltr'><em>γένοιτό</em></span> <span class='ocrx_word' id='word_1_93' title='bbox 550 1073 642 1125; x_wconf 70' lang='grc' dir='ltr'><em>τᾶν,</em></span> <span class='ocrx_word' id='word_1_94' title='bbox 678 1070 710 1114; x_wconf 84' lang='grc' dir='ltr'>ὦ</span> <span class='ocrx_word' id='word_1_95' title='bbox 742 1073 950 1128; x_wconf 84' lang='grc' dir='ltr'><em>θύγατερ,</em></span> <span class='ocrx_word' id='word_1_96' title='bbox 983 1075 1133 1129; x_wconf 76' lang='grc' dir='ltr'><em>οὔριος</em></span> <span class='ocrx_word' id='word_1_97' title='bbox 1166 1076 1327 1129; x_wconf 87' lang='grc' dir='ltr'><em>δρόμος</em></span> <span class='ocrx_word' id='word_1_98' title='bbox 1644 1090 1687 1119; x_wconf 82' lang='grc'><em>95</em></span> 
     </span>
     <span class='ocr_line' id='line_1_15' title="bbox 343 1142 1462 1201; baseline 0.004 -18"><span class='ocrx_word' id='word_1_99' title='bbox 343 1142 388 1183; x_wconf 81' lang='grc' dir='ltr'><em>ἐκ</em></span> <span class='ocrx_word' id='word_1_100' title='bbox 420 1150 506 1184; x_wconf 86' lang='grc' dir='ltr'><em>τῶν</em></span> <span class='ocrx_word' id='word_1_101' title='bbox 538 1146 770 1197; x_wconf 87' lang='grc' dir='ltr'><em>παρόντων</em></span> <span class='ocrx_word' id='word_1_102' title='bbox 801 1143 932 1186; x_wconf 86' lang='grc' dir='ltr'><em>τῶνδ’</em></span> <span class='ocrx_word' id='word_1_103' title='bbox 969 1143 1063 1199; x_wconf 77' lang='grc' dir='ltr'><em>ἐμοὶ</em></span> <span class='ocrx_word' id='word_1_104' title='bbox 1095 1144 1166 1186; x_wconf 81' lang='grc' dir='ltr'><em>καὶ</em></span> <span class='ocrx_word' id='word_1_105' title='bbox 1200 1144 1270 1187; x_wconf 84' lang='grc' dir='ltr'><em>σοὶ</em></span> <span class='ocrx_word' id='word_1_106' title='bbox 1302 1153 1462 1201; x_wconf 75' lang='grc' dir='ltr'><em>κακῶν,</em></span> 
     </span>
     <span class='ocr_line' id='line_1_16' title="bbox 341 1211 1470 1269; baseline 0.004 -15"><span class='ocrx_word' id='word_1_107' title='bbox 341 1214 465 1254; x_wconf 80' lang='grc' dir='ltr'><em>ἔλθοι</em></span> <span class='ocrx_word' id='word_1_108' title='bbox 497 1211 531 1254; x_wconf 87' lang='grc' dir='ltr'><em>τ’</em></span> <span class='ocrx_word' id='word_1_109' title='bbox 571 1213 629 1256; x_wconf 77' lang='grc' dir='ltr'><em>ἔτ’</em></span> <span class='ocrx_word' id='word_1_110' title='bbox 666 1213 719 1255; x_wconf 76' lang='grc' dir='ltr'><em>ἂν</em></span> <span class='ocrx_word' id='word_1_111' title='bbox 751 1222 851 1264; x_wconf 86' lang='grc' dir='ltr'><em>παῖς</em></span> <span class='ocrx_word' id='word_1_112' title='bbox 885 1215 1039 1269; x_wconf 80' lang='grc' dir='ltr'><em>οὑμός,</em></span> <span class='ocrx_word' id='word_1_113' title='bbox 1073 1215 1269 1269; x_wconf 84' lang='grc' dir='ltr'><em>εὐνήτωρ</em></span> <span class='ocrx_word' id='word_1_114' title='bbox 1304 1214 1351 1258; x_wconf 78' lang='grc' dir='ltr'><em>δὲ</em></span> <span class='ocrx_word' id='word_1_115' title='bbox 1384 1219 1470 1266; x_wconf 81' lang='grc' dir='ltr'><em>σός.</em></span> 
     </span>
     <span class='ocr_line' id='line_1_17' title="bbox 342 1282 1291 1340; baseline 0.004 -16"><span class='ocrx_word' id='word_1_116' title='bbox 342 1282 434 1324; x_wconf 78' lang='grc' dir='ltr'><em>ἀλλ’</em></span> <span class='ocrx_word' id='word_1_117' title='bbox 469 1283 654 1339; x_wconf 77' lang='grc' dir='ltr'><em>ἡσύχαζε</em></span> <span class='ocrx_word' id='word_1_118' title='bbox 686 1283 757 1326; x_wconf 88' lang='grc' dir='ltr'><em>καὶ</em></span> <span class='ocrx_word' id='word_1_119' title='bbox 791 1286 1095 1340; x_wconf 85' lang='grc' dir='ltr'><em>δακρυρρόους</em></span> <span class='ocrx_word' id='word_1_120' title='bbox 1125 1285 1291 1328; x_wconf 89' lang='grc' dir='ltr'><em>τέκνων</em></span> 
     </span>
     <span class='ocr_line' id='line_1_18' title="bbox 340 1355 1283 1411; baseline 0.004 -16"><span class='ocrx_word' id='word_1_121' title='bbox 340 1355 481 1409; x_wconf 82' lang='grc' dir='ltr'><em>πηγὰς</em></span> <span class='ocrx_word' id='word_1_122' title='bbox 511 1355 684 1411; x_wconf 84' lang='grc' dir='ltr'><em>ἀφαίρει</em></span> <span class='ocrx_word' id='word_1_123' title='bbox 718 1355 790 1398; x_wconf 88' lang='grc' dir='ltr'><em>καὶ</em></span> <span class='ocrx_word' id='word_1_124' title='bbox 823 1359 1083 1411; x_wconf 85' lang='grc' dir='ltr'><em>παρευκήλει</em></span> <span class='ocrx_word' id='word_1_125' title='bbox 1117 1359 1283 1411; x_wconf 71' lang='grc' dir='ltr'><em>λόγοις,</em></span> 
     </span>
     <span class='ocr_line' id='line_1_19' title="bbox 339 1424 1684 1482; baseline 0.005 -16"><span class='ocrx_word' id='word_1_126' title='bbox 339 1424 576 1468; x_wconf 81' lang='grc' dir='ltr'><em>κλέπτουσα</em></span> <span class='ocrx_word' id='word_1_127' title='bbox 609 1427 772 1480; x_wconf 85' lang='grc' dir='ltr'><em>μύθοις</em></span> <span class='ocrx_word' id='word_1_128' title='bbox 804 1427 989 1477; x_wconf 79' lang='grc' dir='ltr'><em>ἀθλίους</em></span> <span class='ocrx_word' id='word_1_129' title='bbox 1021 1429 1183 1478; x_wconf 83' lang='grc' dir='ltr'><em>κλοπὰς</em></span> <span class='ocrx_word' id='word_1_130' title='bbox 1216 1429 1342 1482; x_wconf 85' lang='grc' dir='ltr'><em>ὅμως.</em></span> <span class='ocrx_word' id='word_1_131' title='bbox 1620 1444 1684 1473; x_wconf 81' lang='lat'><em>100</em></span> 
     </span>
     <span class='ocr_line' id='line_1_20' title="bbox 341 1496 1428 1555; baseline 0.005 -18"><span class='ocrx_word' id='word_1_132' title='bbox 341 1496 556 1550; x_wconf 86' lang='grc' dir='ltr'><em>κάμνουσι</em></span> <span class='ocrx_word' id='word_1_133' title='bbox 590 1497 672 1552; x_wconf 90' lang='grc' dir='ltr'><em>γάρ</em></span> <span class='ocrx_word' id='word_1_134' title='bbox 705 1513 772 1539; x_wconf 91' lang='grc' dir='ltr'><em>τοι</em></span> <span class='ocrx_word' id='word_1_135' title='bbox 804 1497 874 1540; x_wconf 84' lang='grc' dir='ltr'><em>καὶ</em></span> <span class='ocrx_word' id='word_1_136' title='bbox 907 1501 1078 1553; x_wconf 81' lang='grc' dir='ltr'><em>βροτῶν</em></span> <span class='ocrx_word' id='word_1_137' title='bbox 1111 1499 1160 1540; x_wconf 77' lang='grc' dir='ltr'><em>αἱ</em></span> <span class='ocrx_word' id='word_1_138' title='bbox 1188 1502 1428 1555; x_wconf 84' lang='grc' dir='ltr'><em>συμφοραί,</em></span> 
     </span>
     <span class='ocr_line' id='line_1_21' title="bbox 342 1565 1401 1625; baseline 0.005 -18"><span class='ocrx_word' id='word_1_139' title='bbox 342 1565 413 1608; x_wconf 86' lang='grc' dir='ltr'><em>καὶ</em></span> <span class='ocrx_word' id='word_1_140' title='bbox 445 1566 655 1622; x_wconf 84' lang='grc' dir='ltr'><em>πνεύματ’</em></span> <span class='ocrx_word' id='word_1_141' title='bbox 693 1567 866 1623; x_wconf 86' lang='grc' dir='ltr'><em>ἀνέμων</em></span> <span class='ocrx_word' id='word_1_142' title='bbox 901 1569 981 1611; x_wconf 87' lang='grc' dir='ltr'><em>οὐκ</em></span> <span class='ocrx_word' id='word_1_143' title='bbox 1013 1568 1079 1611; x_wconf 81' lang='grc' dir='ltr'><em>ἀεὶ</em></span> <span class='ocrx_word' id='word_1_144' title='bbox 1112 1569 1263 1624; x_wconf 80' lang='grc' dir='ltr'><em>ῥώμην</em></span> <span class='ocrx_word' id='word_1_145' title='bbox 1297 1572 1401 1625; x_wconf 80' lang='grc' dir='ltr'><em>ἔχει·</em></span> 
     </span>
     <span class='ocr_line' id='line_1_22' title="bbox 341 1636 1455 1695; baseline 0.004 -17"><span class='ocrx_word' id='word_1_146' title='bbox 341 1637 406 1689; x_wconf 78' lang='grc' dir='ltr'><em>[οἵ</em></span> <span class='ocrx_word' id='word_1_147' title='bbox 433 1636 469 1678; x_wconf 84' lang='grc' dir='ltr'><em>τ’</em></span> <span class='ocrx_word' id='word_1_148' title='bbox 506 1638 791 1693; x_wconf 86' lang='grc' dir='ltr'><em>εὐτυχοῦντες</em></span> <span class='ocrx_word' id='word_1_149' title='bbox 825 1640 897 1681; x_wconf 82' lang='grc' dir='ltr'><em>διὰ</em></span> <span class='ocrx_word' id='word_1_150' title='bbox 929 1639 1080 1690; x_wconf 84' lang='grc' dir='ltr'><em>τέλους</em></span> <span class='ocrx_word' id='word_1_151' title='bbox 1112 1640 1192 1682; x_wconf 82' lang='grc' dir='ltr'><em>οὐκ</em></span> <span class='ocrx_word' id='word_1_152' title='bbox 1224 1641 1455 1695; x_wconf 85' lang='grc' dir='ltr'><em>εὐτυχεῖς.]</em></span> 
     </span>
     <span class='ocr_line' id='line_1_23' title="bbox 339 1705 1315 1766; baseline 0.004 -18"><span class='ocrx_word' id='word_1_153' title='bbox 339 1707 553 1758; x_wconf 77' lang='grc' dir='ltr'><em>ἐξίσταται</em></span> <span class='ocrx_word' id='word_1_154' title='bbox 585 1710 668 1764; x_wconf 84' lang='grc' dir='ltr'><em>γὰρ</em></span> <span class='ocrx_word' id='word_1_155' title='bbox 699 1705 825 1751; x_wconf 81' lang='grc' dir='ltr'><em>πάντ’</em></span> <span class='ocrx_word' id='word_1_156' title='bbox 862 1708 934 1751; x_wconf 84' lang='grc' dir='ltr'><em>ἀπ’</em></span> <span class='ocrx_word' id='word_1_157' title='bbox 971 1710 1171 1764; x_wconf 84' lang='grc' dir='ltr'><em>ἀλλήλων</em></span> <span class='ocrx_word' id='word_1_158' title='bbox 1205 1712 1315 1766; x_wconf 88' lang='grc' dir='ltr'><em>δίχα.</em></span> 
     </span>
     <span class='ocr_line' id='line_1_24' title="bbox 339 1775 1682 1835; baseline 0.005 -16"><span class='ocrx_word' id='word_1_159' title='bbox 339 1775 467 1828; x_wconf 82' lang='grc' dir='ltr'><em>οὗτος</em></span> <span class='ocrx_word' id='word_1_160' title='bbox 500 1777 538 1820; x_wconf 85' lang='grc' dir='ltr'><em>δ’</em></span> <span class='ocrx_word' id='word_1_161' title='bbox 576 1779 686 1835; x_wconf 85' lang='grc' dir='ltr'><em>ἀνὴρ</em></span> <span class='ocrx_word' id='word_1_162' title='bbox 719 1781 896 1835; x_wconf 78' lang='grc' dir='ltr'><em>ἄριστος</em></span> <span class='ocrx_word' id='word_1_163' title='bbox 928 1781 1045 1831; x_wconf 83' lang='grc' dir='ltr'><em>ὅστις</em></span> <span class='ocrx_word' id='word_1_164' title='bbox 1078 1781 1221 1824; x_wconf 83' lang='grc' dir='ltr'><em>ἐλπίσι</em></span> <span class='ocrx_word' id='word_1_165' title='bbox 1616 1796 1682 1826; x_wconf 84' lang='grc'><em>105</em></span> 
     </span>
     <span class='ocr_line' id='line_1_25' title="bbox 336 1848 1432 1908; baseline 0.005 -18"><span class='ocrx_word' id='word_1_166' title='bbox 336 1848 549 1891; x_wconf 78' lang='grc' dir='ltr'><em>πέποιθεν</em></span> <span class='ocrx_word' id='word_1_167' title='bbox 583 1851 682 1892; x_wconf 82' lang='grc' dir='ltr'><em>αἰεί·</em></span> <span class='ocrx_word' id='word_1_168' title='bbox 715 1852 763 1892; x_wconf 88' lang='grc' dir='ltr'><em>τὸ</em></span> <span class='ocrx_word' id='word_1_169' title='bbox 797 1849 836 1892; x_wconf 85' lang='grc' dir='ltr'><em>δ’</em></span> <span class='ocrx_word' id='word_1_170' title='bbox 875 1851 1057 1907; x_wconf 86' lang='grc' dir='ltr'><em>ἀπορεῖν</em></span> <span class='ocrx_word' id='word_1_171' title='bbox 1090 1852 1252 1908; x_wconf 87' lang='grc' dir='ltr'><em>ἀνδρὸς</em></span> <span class='ocrx_word' id='word_1_172' title='bbox 1284 1859 1432 1895; x_wconf 88' lang='grc' dir='ltr'><em>κακοῦ.</em></span> 
     </span>
    </p>
   </div>
   <div class='ocr_carea' id='block_1_3' title="bbox 334 1975 1678 2294">
    <p class='ocr_par' dir='ltr' id='par_1_3' title="bbox 334 1975 1678 2294">
     <span class='ocr_line' id='line_1_26' title="bbox 835 1975 1005 2008; baseline 0.012 -2"><span class='ocrx_word' id='word_1_173' title='bbox 835 1975 1005 2008; x_wconf 82' lang='grc' dir='ltr'>ΧΟΡΟΣ.</span> 
     </span>
     <span class='ocr_line' id='line_1_27' title="bbox 335 2025 1619 2085; baseline 0.004 -18"><span class='ocrx_word' id='word_1_174' title='bbox 335 2025 542 2081; x_wconf 79' lang='grc' dir='ltr'><em>ὑψόροφα</em></span> <span class='ocrx_word' id='word_1_175' title='bbox 573 2026 771 2080; x_wconf 88' lang='grc' dir='ltr'><em>με’λαθρα</em></span> <span class='ocrx_word' id='word_1_176' title='bbox 1460 2031 1619 2085; x_wconf 72' lang='lat' dir='ltr'>stroph.</span> 
     </span>
     <span class='ocr_line' id='line_1_28' title="bbox 335 2094 1162 2152; baseline 0.006 -16"><span class='ocrx_word' id='word_1_177' title='bbox 335 2094 407 2137; x_wconf 84' lang='grc' dir='ltr'><em>καὶ</em></span> <span class='ocrx_word' id='word_1_178' title='bbox 438 2097 591 2149; x_wconf 75' lang='grc' dir='ltr'><em>γεραιὰ</em></span> <span class='ocrx_word' id='word_1_179' title='bbox 625 2094 782 2151; x_wconf 79' lang='grc' dir='ltr'><em>δέμνι’,</em></span> <span class='ocrx_word' id='word_1_180' title='bbox 815 2097 927 2152; x_wconf 83' lang='grc' dir='ltr'><em>ἀμφὶ</em></span> <span class='ocrx_word' id='word_1_181' title='bbox 958 2099 1162 2152; x_wconf 80' lang='grc' dir='ltr'><em>βάκτροις</em></span> 
     </span>
     <span class='ocr_line' id='line_1_29' title="bbox 337 2166 1194 2224; baseline 0.005 -17"><span class='ocrx_word' id='word_1_182' title='bbox 337 2168 513 2220; x_wconf 78' lang='grc' dir='ltr'><em>ἔρεισμα</em></span> <span class='ocrx_word' id='word_1_183' title='bbox 545 2166 753 2222; x_wconf 77' lang='grc' dir='ltr'><em>θέμενος,</em></span> <span class='ocrx_word' id='word_1_184' title='bbox 786 2167 972 2222; x_wconf 76' lang='grc' dir='ltr'><em>ἐστάλην</em></span> <span class='ocrx_word' id='word_1_185' title='bbox 1005 2169 1194 2224; x_wconf 82' lang='grc' dir='ltr'><em>ἰηλέμων</em></span> 
     </span>
     <span class='ocr_line' id='line_1_30' title="bbox 334 2235 1678 2294; baseline 0.007 -17"><span class='ocrx_word' id='word_1_186' title='bbox 334 2235 476 2290; x_wconf 84' lang='grc' dir='ltr'><em>γέρων</em></span> <span class='ocrx_word' id='word_1_187' title='bbox 508 2237 658 2286; x_wconf 85' lang='grc' dir='ltr'><em>ἀοιδὸς</em></span> <span class='ocrx_word' id='word_1_188' title='bbox 688 2238 797 2280; x_wconf 84' lang='grc' dir='ltr'><em>ὥστε</em></span> <span class='ocrx_word' id='word_1_189' title='bbox 830 2239 982 2288; x_wconf 89' lang='grc' dir='ltr'><em>πολιὸς</em></span> <span class='ocrx_word' id='word_1_190' title='bbox 1014 2241 1157 2294; x_wconf 78' lang='grc' dir='ltr'><em>ὄρνις,</em></span> <span class='ocrx_word' id='word_1_191' title='bbox 1611 2254 1678 2286; x_wconf 88' lang='grc'><em>110</em></span> 
     </span>
    </p>
   </div>
   <div class='ocr_carea' id='block_1_4' title="bbox 205 2325 441 2330">
    <p class='ocr_par' dir='ltr' id='par_1_4' title="bbox 205 2325 441 2330">
     <span class='ocr_line' id='line_1_31' title="bbox 205 2325 441 2330; baseline 0 0"><span class='ocrx_word' id='word_1_192' title='bbox 205 2325 441 2330; x_wconf 95' lang='lat' dir='ltr'><em> </em></span> 
     </span>
    </p>
   </div>
   <div class='ocr_carea' id='block_1_5' title="bbox 156 2368 1675 2893">
    <p class='ocr_par' dir='ltr' id='par_1_5' title="bbox 252 2368 1629 2423">
     <span class='ocr_line' id='line_1_32' title="bbox 252 2368 1629 2423; baseline 0.007 -21"><span class='ocrx_word' id='word_1_193' title='bbox 252 2373 295 2403; x_wconf 82' lang='grc'><em>83</em></span> <span class='ocrx_word' id='word_1_194' title='bbox 323 2368 528 2412; x_wconf 74' lang='grc' dir='ltr'><em>κρείσσονες</em></span> <span class='ocrx_word' id='word_1_195' title='bbox 553 2382 584 2415; x_wconf 76' lang='grc'><em>9,</em></span> <span class='ocrx_word' id='word_1_196' title='bbox 611 2369 802 2413; x_wconf 76' lang='grc' dir='ltr'><em>κρέσσονες</em></span> <span class='ocrx_word' id='word_1_197' title='bbox 828 2372 871 2415; x_wconf 91' lang='lat' dir='ltr'><em>L,</em></span> <span class='ocrx_word' id='word_1_198' title='bbox 899 2371 1067 2416; x_wconf 81' lang='grc' dir='ltr'><em>κρέσονες</em></span> <span class='ocrx_word' id='word_1_199' title='bbox 1095 2374 1127 2408; x_wconf 79' lang='lat' dir='ltr'><strong><em>G</em></strong></span> <span class='ocrx_word' id='word_1_200' title='bbox 1200 2378 1244 2408; x_wconf 79' lang='lat'><em>86</em></span> <span class='ocrx_word' id='word_1_201' title='bbox 1273 2374 1396 2410; x_wconf 80' lang='grc' dir='ltr'><em>κεινόν</em></span> <span class='ocrx_word' id='word_1_202' title='bbox 1420 2377 1462 2420; x_wconf 82' lang='lat' dir='ltr'><em>G,</em></span> <span class='ocrx_word' id='word_1_203' title='bbox 1492 2389 1580 2413; x_wconf 82' lang='lat' dir='ltr'>corr.</span> <span class='ocrx_word' id='word_1_204' title='bbox 1607 2390 1629 2423; x_wconf 70' lang='lat'><em>5]</em></span> 
     </span>
    </p>

    <p class='ocr_par' dir='ltr' id='par_1_6' title="bbox 156 2420 1675 2736">
     <span class='ocr_line' id='line_1_33' title="bbox 157 2420 1675 2474; baseline 0.005 -19"><span class='ocrx_word' id='word_1_205' title='bbox 157 2426 199 2455; x_wconf 72' lang='lat'><em>87</em></span> <span class='ocrx_word' id='word_1_206' title='bbox 228 2420 346 2466; x_wconf 83' lang='grc' dir='ltr'><em>χρόνω</em></span> <span class='ocrx_word' id='word_1_207' title='bbox 375 2423 418 2464; x_wconf 82' lang='lat' dir='ltr'><em>G,</em></span> <span class='ocrx_word' id='word_1_208' title='bbox 446 2434 534 2457; x_wconf 86' lang='lat' dir='ltr'>corr.</span> <span class='ocrx_word' id='word_1_209' title='bbox 561 2434 593 2468; x_wconf 73' lang='lat'><em>9,</em></span> <span class='ocrx_word' id='word_1_210' title='bbox 620 2422 737 2458; x_wconf 79' lang='grc' dir='ltr'><em>πόνον</em></span> <span class='ocrx_word' id='word_1_211' title='bbox 763 2425 804 2458; x_wconf 82' lang='lat' dir='ltr'><em>R.</em></span> <span class='ocrx_word' id='word_1_212' title='bbox 829 2425 936 2459; x_wconf 85' lang='lat' dir='ltr'>Prinz</span> <span class='ocrx_word' id='word_1_213' title='bbox 1064 2431 1108 2460; x_wconf 73' lang='lat'><em>89</em></span> <span class='ocrx_word' id='word_1_214' title='bbox 1134 2426 1340 2474; x_wconf 74' lang='grc' dir='ltr'><em>περαίνειν]</em></span> <span class='ocrx_word' id='word_1_215' title='bbox 1368 2429 1513 2473; x_wconf 74' lang='lat' dir='ltr'><em>Reiske,</em></span> <span class='ocrx_word' id='word_1_216' title='bbox 1541 2443 1675 2474; x_wconf 74' lang='grc' dir='ltr'><em>παραι-</em></span> 
     </span>
     <span class='ocr_line' id='line_1_34' title="bbox 157 2473 1675 2522; baseline 0.007 -14"><span class='ocrx_word' id='word_1_217' title='bbox 157 2480 234 2509; x_wconf 81' lang='grc' dir='ltr'><em>νεῖν</em></span> <span class='ocrx_word' id='word_1_218' title='bbox 261 2475 337 2509; x_wconf 81' lang='lat' dir='ltr'><em>LG</em></span> <span class='ocrx_word' id='word_1_219' title='bbox 372 2477 376 2519; x_wconf 92' lang='grc' dir='ltr'>Ι</span> <span class='ocrx_word' id='word_1_220' title='bbox 411 2473 545 2521; x_wconf 83' lang='grc' dir='ltr'><em>πόνου]</em></span> <span class='ocrx_word' id='word_1_221' title='bbox 571 2476 655 2510; x_wconf 76' lang='lat' dir='ltr'>fort.</span> <span class='ocrx_word' id='word_1_222' title='bbox 682 2475 817 2521; x_wconf 78' lang='grc' dir='ltr'><em>χρόνου</em></span> <span class='ocrx_word' id='word_1_223' title='bbox 945 2483 988 2512; x_wconf 86' lang='grc'><em>90</em></span> <span class='ocrx_word' id='word_1_224' title='bbox 1015 2481 1170 2522; x_wconf 79' lang='grc' dir='ltr'><em>προσδεῖ</em></span> <span class='ocrx_word' id='word_1_225' title='bbox 1195 2479 1226 2514; x_wconf 91' lang='grc' dir='ltr'><em>σ’</em></span> <span class='ocrx_word' id='word_1_226' title='bbox 1258 2481 1270 2514; x_wconf 83' lang='grc' dir='ltr'><em>Ζ</em></span> <span class='ocrx_word' id='word_1_227' title='bbox 1396 2486 1534 2516; x_wconf 59' lang='lat' dir='ltr'>‘al—95</span> <span class='ocrx_word' id='word_1_228' title='bbox 1560 2483 1675 2518; x_wconf 77' lang='lat' dir='ltr'>lineo-</span> 
     </span>
     <span class='ocr_line' id='line_1_35' title="bbox 156 2527 1674 2583; baseline 0.007 -23"><span class='ocrx_word' id='word_1_229' title='bbox 156 2527 214 2561; x_wconf 79' lang='lat' dir='ltr'><em>lae</em></span> <span class='ocrx_word' id='word_1_230' title='bbox 239 2539 304 2572; x_wconf 84' lang='lat' dir='ltr'><em>pro</em></span> <span class='ocrx_word' id='word_1_231' title='bbox 330 2528 428 2561; x_wconf 73' lang='lat' dir='ltr'>notis</span> <span class='ocrx_word' id='word_1_232' title='bbox 454 2529 638 2572; x_wconf 74' lang='lat' dir='ltr'>praefixae</span> <span class='ocrx_word' id='word_1_233' title='bbox 665 2529 703 2562; x_wconf 80' lang='lat' dir='ltr'><em>in</em></span> <span class='ocrx_word' id='word_1_234' title='bbox 729 2530 806 2564; x_wconf 78' lang='lat' dir='ltr'><em>LG</em></span> <span class='ocrx_word' id='word_1_235' title='bbox 897 2535 940 2565; x_wconf 81' lang='lat'><em>94</em></span> <span class='ocrx_word' id='word_1_236' title='bbox 968 2533 1025 2577; x_wconf 84' lang='grc' dir='ltr'><em>με]</em></span> <span class='ocrx_word' id='word_1_237' title='bbox 1053 2545 1091 2577; x_wconf 77' lang='grc' dir='ltr'><em>γε</em></span> <span class='ocrx_word' id='word_1_238' title='bbox 1118 2532 1261 2568; x_wconf 79' lang='lat' dir='ltr'>Dobree</span> <span class='ocrx_word' id='word_1_239' title='bbox 1350 2538 1394 2568; x_wconf 83' lang='grc'><em>95</em></span> <span class='ocrx_word' id='word_1_240' title='bbox 1421 2534 1563 2579; x_wconf 75' lang='grc' dir='ltr'><em>γένοιτο</em></span> <span class='ocrx_word' id='word_1_241' title='bbox 1589 2536 1674 2583; x_wconf 74' lang='grc' dir='ltr'><em>τᾶν]</em></span> 
     </span>
     <span class='ocr_line' id='line_1_36' title="bbox 157 2579 1673 2630; baseline 0.007 -18"><span class='ocrx_word' id='word_1_242' title='bbox 157 2579 318 2623; x_wconf 69' lang='lat' dir='ltr'><em>Erfurdt,</em></span> <span class='ocrx_word' id='word_1_243' title='bbox 347 2579 478 2625; x_wconf 72' lang='grc' dir='ltr'><em>γένοιτ’</em></span> <span class='ocrx_word' id='word_1_244' title='bbox 509 2580 556 2615; x_wconf 73' lang='grc' dir='ltr'><em>ἄν</em></span> <span class='ocrx_word' id='word_1_245' title='bbox 583 2582 659 2615; x_wconf 75' lang='lat' dir='ltr'><em>LG</em></span> <span class='ocrx_word' id='word_1_246' title='bbox 746 2587 788 2616; x_wconf 81' lang='grc'><em>97</em></span> <span class='ocrx_word' id='word_1_247' title='bbox 816 2581 885 2617; x_wconf 85' lang='grc' dir='ltr'><em>τέτ’</em></span> <span class='ocrx_word' id='word_1_248' title='bbox 917 2582 964 2619; x_wconf 67' lang='grc' dir='ltr'><em>ἂν</em></span> <span class='ocrx_word' id='word_1_249' title='bbox 989 2585 1068 2620; x_wconf 85' lang='lat' dir='ltr'><em>LG-</em></span> <span class='ocrx_word' id='word_1_250' title='bbox 1090 2586 1094 2630; x_wconf 91' lang='grc' dir='ltr'>Ι</span> <span class='ocrx_word' id='word_1_251' title='bbox 1118 2585 1279 2630; x_wconf 77' lang='grc' dir='ltr'><em>εὐνάτωρ</em></span> <span class='ocrx_word' id='word_1_252' title='bbox 1308 2587 1440 2621; x_wconf 70' lang='lat' dir='ltr'>Nauck</span> <span class='ocrx_word' id='word_1_253' title='bbox 1525 2593 1568 2622; x_wconf 71' lang='lat'><em>98</em></span> <span class='ocrx_word' id='word_1_254' title='bbox 1595 2588 1673 2623; x_wconf 83' lang='grc' dir='ltr'><em>τέκ-</em></span> 
     </span>
     <span class='ocr_line' id='line_1_37' title="bbox 157 2631 1672 2685; baseline 0.006 -19"><span class='ocrx_word' id='word_1_255' title='bbox 157 2645 230 2667; x_wconf 85' lang='grc' dir='ltr'><em>νων</em></span> <span class='ocrx_word' id='word_1_256' title='bbox 258 2634 308 2675; x_wconf 84' lang='lat' dir='ltr'><em>L,</em></span> <span class='ocrx_word' id='word_1_257' title='bbox 340 2631 469 2668; x_wconf 80' lang='grc' dir='ltr'><em>τέκνον</em></span> <span class='ocrx_word' id='word_1_258' title='bbox 502 2634 555 2668; x_wconf 82' lang='lat' dir='ltr'><em>lG</em></span> <span class='ocrx_word' id='word_1_259' title='bbox 678 2639 741 2668; x_wconf 89' lang='lat'><em>101</em></span> <span class='ocrx_word' id='word_1_260' title='bbox 775 2637 920 2680; x_wconf 84' lang='grc' dir='ltr'><em>βροτοῖς</em></span> <span class='ocrx_word' id='word_1_261' title='bbox 951 2637 990 2671; x_wconf 78' lang='grc' dir='ltr'><em>αἱ</em></span> <span class='ocrx_word' id='word_1_262' title='bbox 1022 2637 1208 2682; x_wconf 78' lang='grc' dir='ltr'><em>ξυμφοραί</em></span> <span class='ocrx_word' id='word_1_263' title='bbox 1235 2639 1347 2673; x_wconf 76' lang='lat' dir='ltr'>schol.</span> <span class='ocrx_word' id='word_1_264' title='bbox 1374 2640 1478 2674; x_wconf 81' lang='lat' dir='ltr'>Pind.</span> <span class='ocrx_word' id='word_1_265' title='bbox 1506 2641 1612 2685; x_wconf 67' lang='lat' dir='ltr'><strong>Pyth.</strong></span> <span class='ocrx_word' id='word_1_266' title='bbox 1641 2647 1672 2685; x_wconf 73' lang='lat'><em>3,</em></span> 
     </span>
     <span class='ocr_line' id='line_1_38' title="bbox 159 2686 1672 2736; baseline 0.007 -18"><span class='ocrx_word' id='word_1_267' title='bbox 159 2688 224 2718; x_wconf 83' lang='lat'><em>160</em></span> <span class='ocrx_word' id='word_1_268' title='bbox 322 2690 386 2719; x_wconf 84' lang='lat'><em>103</em></span> <span class='ocrx_word' id='word_1_269' title='bbox 415 2686 555 2720; x_wconf 72' lang='lat' dir='ltr'>omittit</span> <span class='ocrx_word' id='word_1_270' title='bbox 581 2687 682 2721; x_wconf 70' lang='lat' dir='ltr'>Stob.</span> <span class='ocrx_word' id='word_1_271' title='bbox 704 2687 737 2721; x_wconf 88' lang='lat' dir='ltr'><em>ss.</em></span> <span class='ocrx_word' id='word_1_272' title='bbox 767 2692 843 2731; x_wconf 85' lang='lat'><em>110,</em></span> <span class='ocrx_word' id='word_1_273' title='bbox 867 2693 883 2722; x_wconf 77' lang='grc' dir='ltr'><strong>Τ</strong></span> <span class='ocrx_word' id='word_1_274' title='bbox 912 2689 976 2732; x_wconf 83' lang='lat' dir='ltr'><em>qui</em></span> <span class='ocrx_word' id='word_1_275' title='bbox 1004 2695 1188 2725; x_wconf 82' lang='lat'>101—106</span> <span class='ocrx_word' id='word_1_276' title='bbox 1215 2692 1357 2736; x_wconf 72' lang='lat' dir='ltr'><em>laudat,</em></span> <span class='ocrx_word' id='word_1_277' title='bbox 1386 2693 1522 2727; x_wconf 69' lang='lat' dir='ltr'>delevit</span> <span class='ocrx_word' id='word_1_278' title='bbox 1542 2693 1672 2728; x_wconf 81' lang='lat' dir='ltr'>Nauck</span> 
     </span>
    </p>

    <p class='ocr_par' dir='ltr' id='par_1_7' title="bbox 156 2737 1673 2893">
     <span class='ocr_line' id='line_1_39' title="bbox 205 2737 1673 2789; baseline 0.007 -19"><span class='ocrx_word' id='word_1_279' title='bbox 205 2741 270 2771; x_wconf 79' lang='lat'><em>104</em></span> <span class='ocrx_word' id='word_1_280' title='bbox 297 2737 514 2781; x_wconf 71' lang='grc' dir='ltr'><em>μεθίσταται</em></span> <span class='ocrx_word' id='word_1_281' title='bbox 541 2739 719 2774; x_wconf 73' lang='lat' dir='ltr'>Stobaeus</span> <span class='ocrx_word' id='word_1_282' title='bbox 836 2746 901 2776; x_wconf 74' lang='lat'><em>105</em></span> <span class='ocrx_word' id='word_1_283' title='bbox 929 2741 1069 2778; x_wconf 82' lang='grc' dir='ltr'><em>ἐλπίσιν</em></span> <span class='ocrx_word' id='word_1_284' title='bbox 1095 2745 1106 2778; x_wconf 82' lang='lat' dir='ltr'>Z</span> <span class='ocrx_word' id='word_1_285' title='bbox 1222 2749 1286 2779; x_wconf 88' lang='grc'><em>106</em></span> <span class='ocrx_word' id='word_1_286' title='bbox 1315 2744 1388 2780; x_wconf 81' lang='grc' dir='ltr'><em>αἰεί</em></span> <span class='ocrx_word' id='word_1_287' title='bbox 1413 2746 1502 2789; x_wconf 77' lang='lat' dir='ltr'><em>LG,</em></span> <span class='ocrx_word' id='word_1_288' title='bbox 1536 2747 1599 2780; x_wconf 76' lang='lat' dir='ltr'><em>sed</em></span> <span class='ocrx_word' id='word_1_289' title='bbox 1626 2746 1673 2782; x_wconf 84' lang='grc' dir='ltr'><em>ιεί</em></span> 
     </span>
     <span class='ocr_line' id='line_1_40' title="bbox 156 2789 1671 2844; baseline 0.008 -21"><span class='ocrx_word' id='word_1_290' title='bbox 156 2789 193 2823; x_wconf 83' lang='lat' dir='ltr'><em>in</em></span> <span class='ocrx_word' id='word_1_291' title='bbox 219 2790 273 2824; x_wconf 73' lang='lat' dir='ltr'><strong>lit.</strong></span> <span class='ocrx_word' id='word_1_292' title='bbox 297 2802 361 2825; x_wconf 78' lang='lat' dir='ltr'>scr.</span> <span class='ocrx_word' id='word_1_293' title='bbox 385 2793 396 2825; x_wconf 77' lang='lat' dir='ltr'><em>l</em></span> <span class='ocrx_word' id='word_1_294' title='bbox 493 2796 558 2826; x_wconf 84' lang='lat'><em>107</em></span> <span class='ocrx_word' id='word_1_295' title='bbox 586 2791 779 2839; x_wconf 75' lang='grc' dir='ltr'><em>ὑψόροφα]</em></span> <span class='ocrx_word' id='word_1_296' title='bbox 806 2794 1013 2839; x_wconf 73' lang='lat' dir='ltr'>Musgrave,</span> <span class='ocrx_word' id='word_1_297' title='bbox 1042 2797 1221 2841; x_wconf 77' lang='grc' dir='ltr'><em>ὑπώροφα</em></span> <span class='ocrx_word' id='word_1_298' title='bbox 1246 2798 1323 2832; x_wconf 81' lang='lat' dir='ltr'><em>LG</em></span> <span class='ocrx_word' id='word_1_299' title='bbox 1422 2802 1486 2834; x_wconf 81' lang='lat'><em>109</em></span> <span class='ocrx_word' id='word_1_300' title='bbox 1514 2798 1671 2844; x_wconf 80' lang='grc' dir='ltr'><em>ἰαλέμων</em></span> 
     </span>
     <span class='ocr_line' id='line_1_41' title="bbox 157 2842 1059 2893; baseline 0.009 -17"><span class='ocrx_word' id='word_1_301' title='bbox 157 2842 343 2878; x_wconf 80' lang='lat' dir='ltr'>Hermann</span> <span class='ocrx_word' id='word_1_302' title='bbox 443 2849 507 2879; x_wconf 89' lang='lat'><em>110</em></span> <span class='ocrx_word' id='word_1_303' title='bbox 535 2843 665 2893; x_wconf 71' lang='grc' dir='ltr'><em>γέρων]</em></span> <span class='ocrx_word' id='word_1_304' title='bbox 692 2846 835 2891; x_wconf 76' lang='lat' dir='ltr'><strong>Nauck,</strong></span> <span class='ocrx_word' id='word_1_305' title='bbox 861 2846 957 2893; x_wconf 74' lang='grc' dir='ltr'><em>γόων</em></span> <span class='ocrx_word' id='word_1_306' title='bbox 982 2849 1059 2884; x_wconf 78' lang='lat' dir='ltr'><em>LG</em></span> 
     </span>
    </p>
   </div>
  </div>
 </body>
</html>
