1967 3147
293 110 345 150 12

283 1066 368 1104 XO.

280 1206 411 1244 AYK.

367 2245 433 2274 224
466 2242 571 2285 χρῆν]
605 2240 695 2284 χρὴν
728 2253 852 2285 apogr.
886 2242 1017 2285 Paris,
1056 2242 1122 2287 χρὴ
1155 2244 1231 2277 LG
1267 2245 1270 2287 Ι
1310 2246 1416 2288 τῆσδε
1452 2246 1501 2289 (r',
1540 2248 1658 2280 τοῖσδε
1689 2260 1712 2292 (J

909 115 1177 148 ΕΤΡΙΠΙΔΟΤ

462 219 518 272 ἣν
549 225 659 274 χρῆν
690 227 890 270 νεοσσοῖς
920 222 1067 263 τοῖσδε
1098 228 1185 276 πῦρ
1218 224 1375 277 λόγχας
1406 225 1516 266 ὅπλα

462 288 686 343 φέρουσαν
718 289 879 344 ἐλθεῖν,
911 293 1103 333 ποντίων
1135 294 1428 347 καθαρμάτων

461 359 599 417 χέρσῳ
631 359 667 401 τ’
705 360 888 414 ἀμοιβὰς
921 359 983 403 ὧν
1015 362 1261 417 ε’μόχθησεν
1291 366 1442 418 πατήρ.

460 431 511 472 τὰ
544 429 601 483 δ’,
635 427 667 472 ὦ
699 429 938 486 τέκν’,ὑμῖν
971 433 1070 474 οὔτε
1103 435 1308 487 Θηβαίων
1339 436 1462 484 πόλις

461 499 561 542 οὔθ’
593 499 747 551 Ἑλλὰς
778 501 914 555 ἀρκεῖ·
947 504 1054 557 πρὸς
1086 502 1125 544 δ’
1162 502 1225 558 ἔμ’
1264 504 1430 559 ἀσθενῆ
1462 509 1595 560 φίλον

461 570 703 626 δεδόρκατ’,
736 570 869 613 οὐδὲν
900 574 1005 614 ὄντα
1036 575 1149 628 πλὴν
1182 575 1379 629 γλώσσης
1409 577 1569 629 ψόφον.

459 641 580 695 ῥώμη
613 643 694 697 γαρ
729 641 977 685 ἐκλέλοιπεν
1009 644 1063 697 ἣν
1096 643 1198 698 πρὶν
1230 650 1416 699 εἴχομεν,

457 714 570 767 γήρα
603 710 651 754 δὲ
682 714 869 768 τρομερὰ
900 721 1003 767 γυῖα
1035 714 1260 770 κάμαυρὸν
1293 717 1462 766 σθένος.

459 783 499 823 εἰ
529 781 567 823 δ’
603 779 628 837 ἦ
661 783 760 833 νέος
790 799 834 825 τε
865 785 961 826 κᾶτι
995 786 1191 839 σώματος
1221 794 1406 840 κρατῶν,

458 854 605 906 λαβὼν
638 853 692 894 ἂν
725 856 847 909 ε”γχος
878 856 1006 896 τοῦδε
1038 858 1140 904 τοὺς
1171 857 1364 906 ξανθοὺς
1393 860 1582 908 πλόκους

455 922 737 978 καθῃμάτωσ’
775 925 843 977 ἄν,
877 924 977 966 ὥστ’
1008 924 1295 968 Ἀτλαντικῶν
1326 926 1464 982 πέραν

456 995 637 1047 φεύγειν
670 994 787 1048 ὅρων
819 1011 891 1036 νιν
925 996 1064 1051 δειλία
1095 996 1259 1050 τούμὸν
1292 999 1412 1050 δόρυ.

456 1060 523 1117 ἆρ’
560 1064 640 1106 οὐκ
673 1064 871 1119 ἀφορμὰς
903 1073 991 1116 τοῖς
1023 1068 1219 1120 λόγοισιν
1252 1067 1414 1120 ἁγαθοὶ

454 1138 633 1188 θνητῶν
667 1137 827 1188 ἔχουσι,
860 1135 941 1177 κᾶν
971 1137 1137 1190 βραδύς
1168 1153 1231 1186 τις
1261 1132 1288 1192 ἦ
1321 1137 1485 1191 λέγειν;

455 1206 509 1245 σὺ
542 1203 620 1258 μὲν
653 1205 741 1258 λέγ’
778 1206 888 1259 ἡμᾶς
921 1201 985 1256 οἷς
1015 1208 1299 1260 πεπύργωσαι
1331 1211 1490 1261 λόγοις,

455 1274 537 1327 ἐγὼ
572 1274 617 1317 δὲ
651 1277 798 1328 δράσω
832 1275 870 1318 σ’
907 1276 1004 1318 ἀντὶ
1035 1285 1121 1318 τῶν
1154 1280 1298 1331 λόγων
1330 1286 1480 1328 κακῶς.

454 1343 542 1398 ἄγ’,
575 1348 620 1386 οἳ
647 1344 726 1400 μὲν
752 1344 966 1400 Ἑλικῶν’,
1000 1350 1045 1389 οἳ
1074 1346 1121 1389 δὲ
1154 1352 1394 1404 Παρνασοῦ
1424 1351 1586 1403 πτυχὰς

454 1414 624 1469 τέμνειν
657 1415 822 1470 ἄνωχθ’
859 1416 1063 1466 ἐλθόντες
1095 1418 1342 1473 ὑλουργοὺς
1374 1420 1508 1473 δρυὸς

452 1486 657 1540 κορμούς·
691 1485 868 1527 ἐπειδὰν
901 1484 940 1528 δ’
978 1487 1301 1541 ἐσκομισθῶσιν
1331 1491 1469 1543 πόλει,

453 1557 602 1610 βωμὸν
634 1555 755 1610 πέριξ
787 1558 997 1610 νήσαντες
1029 1558 1207 1613 ἀμφήρη
1241 1559 1346 1609 ξύλα

453 1623 678 1680 ε’μπίπρατ’
716 1627 860 1669 αὐτῶν
892 1627 963 1669 καὶ
995 1635 1186 1683 πυροῦτε
1219 1630 1395 1684 σώματα

451 1697 640 1749 πάντων,
675 1695 731 1738 ἵν’
770 1695 915 1739 εἰδῶσ’
952 1698 1093 1740 οὕνεκ’
1134 1700 1212 1754 οὐχ
1246 1700 1267 1741 ὁ
1300 1703 1534 1743 κατθανὼν

452 1774 601 1821 κρατεῖ
629 1769 792 1822 χθονὸς
823 1766 964 1823 τῆσδ’,
996 1768 1089 1811 ἀλλ’
1127 1770 1209 1822 ἐγὼ
1242 1772 1292 1811 τὰ
1325 1778 1407 1812 νῦν
1439 1773 1552 1813 τάδε.

452 1838 572 1891 ὑμεῖς
605 1838 666 1891 δέ,
699 1838 918 1892 πρέσβεις,
950 1847 1042 1888 ταῖς
1075 1839 1194 1894 ἐμαῖς
1226 1840 1416 1883 ἐναντίοι

451 1909 694 1962 γνώμαισιν
727 1910 869 1962 ὄντες,
902 1910 954 1950 οὐ
987 1912 1125 1963 μόνον
1157 1912 1377 1961 στενάξετε

452 1980 552 2027 τοὺς
577 1977 862 2032 “Ηρακλείους
893 1982 1069 2033 παῖδας,
1104 1981 1211 2022 ἀλλὰ
1243 1980 1313 2023 καὶ
1347 1983 1486 2037 δόμου

451 2050 599 2103 τύχας,
634 2049 738 2090 ὅταν
770 2049 911 2104 πάσχῃ
943 2067 998 2101 τι,
1032 2053 1305 2105 μεμνήσεσθε
1339 2050 1386 2094 δὲ

450 2120 601 2167 δοῦλοι
634 2126 816 2172 γεγῶτες
846 2126 921 2173 τῆς
953 2121 1054 2174 ἐμῆς
1085 2123 1355 2175 τυραννίδος.

1719 1716 1785 1744 245

273 2299 338 2327 22ss
355 2292 481 2339 χέρσῳ]
498 2293 638 2336 Nauck,
655 2292 783 2337 χέρσου
795 2295 866 2328 LG
881 2295 884 2339 Ι
901 2293 1110 2339 ἐμόχθησας
1121 2296 1202 2338 LG,
1218 2294 1421 2340 ἐμόχθησεν
1437 2299 1448 2331 l
1464 2298 1467 2343 Ι
1485 2298 1619 2344 πατήρ]
1635 2299 1779 2343 Reiske,

273 2346 380 2391 χάριν
406 2347 484 2380 LG

319 2403 386 2432 228
413 2398 475 2442 ἐμέ
499 2399 543 2440 L,
571 2397 624 2441 ἔμ’
651 2399 705 2432 lG
727 2401 730 2437 Ι
755 2398 863 2442 φίλον
886 2400 928 2442 G,
956 2399 1065 2444 φίλου
1085 2401 1119 2434 L

272 2456 337 2485 232
366 2447 411 2494 ἦν
437 2451 513 2485 LG
549 2451 552 2496 Ι
587 2450 669 2484 κᾶτι
696 2452 872 2497 σώματος]
905 2453 987 2488 fort.
1021 2454 1079 2486 καὶ
1115 2452 1310 2498 βραχίονος

273 2516 337 2538 scr.
365 2506 407 2537 ut
432 2503 541 2537 facile
563 2502 632 2537 ἔστ’
657 2503 784 2547 legas),
814 2504 882 2538 ἔστ’
911 2506 943 2539 G
966 2506 970 2551 Ι
992 2505 1108 2549 πέραν
1129 2507 1216 2550 LG,
1243 2505 1335 2550 πέρα
1363 2508 1374 2541 l

272 2558 341 2600 ley,
370 2556 416 2591 ἂν
442 2557 519 2591 LG
617 2560 682 2590 236
710 2556 810 2590 chori
836 2559 925 2591 nota
945 2558 1048 2592 deest
1067 2559 1104 2592 in
1126 2560 1202 2593 LG
1225 2561 1229 2603 Ι
1251 2558 1387 2604 λόγοισι
1411 2561 1454 2602 G,
1482 2572 1569 2595 corr.
1590 2574 1612 2606 gs
1634 2564 1637 2605 Ι
1661 2561 1778 2607 οἷ’γα-

270 2611 336 2644 θοὶ
363 2610 440 2644 LG

271 2716 354 2760 μὸν]
383 2714 566 2757 Brodeau,
594 2715 724 2759 βωμῶν
750 2715 827 2749 LG

272 2774 426 2810 πυροῦτε

270 2819 416 2853 werden

581 2350 645 2379 227
674 2345 718 2379 τὰ
745 2345 794 2389 δ’,
821 2343 864 2393 ὦ]
891 2347 1063 2391 Elmsley,
1090 2347 1172 2381 τάδ’
1201 2349 1244 2382 οὐ
1270 2349 1347 2382 LG
1370 2351 1373 2393 Ι
1396 2347 1505 2384 τέκνα
1530 2351 1574 2394 L,
1601 2351 1698 2386 τέκν’
1728 2354 1781 2387 IG

1192 2405 1258 2435 229
1279 2400 1415 2445 ψόφων
1435 2403 1505 2447 Ly,
1533 2402 1661 2447 ψόφον
1687 2406 1740 2439 ZG

1441 2459 1508 2489 ‘234
1540 2454 1622 2489 ὥστ’
1653 2457 1686 2490 L
1715 2457 1780 2502 (sio

1470 2512 1535 2542 235
1563 2509 1638 2554 νιν]
1663 2509 1779 2543 Elms-

517 2613 581 2642 237
609 2610 774 2654 θνητῶν]
801 2610 882 2643 fort.
911 2613 1057 2655 γνώμην
1136 2616 1202 2645 239
1229 2624 1265 2646 σε
1291 2614 1335 2655 L,
1363 2612 1395 2646 6'
1423 2614 1477 2647 {G
1556 2618 1622 2647 240
1649 2614 1713 2659 ἄγε
1734 2617 1777 2659 L⁷

271 2661 330 2707 ἄγ’
362 2663 373 2695 l
395 2663 398 2706 Ι
421 2662 559 2706 πτύχας
584 2662 661 2695 LG
758 2666 821 2695 241
851 2662 1035 2709 ἐλθόντες]
1063 2664 1216 2707 Dobroe,
1243 2664 1420 2705 ἐλθόντας
1444 2667 1521 2700 LG'

1617 2671 1683 2700 243
1710 2670 1778 2713 βω-

948 2721 1014 2750 244
1041 2718 1102 2751 καὶ
1128 2724 1308 2760 πυροῦται
1338 2719 1381 2762 G,
1408 2731 1496 2753 corr.
1522 2730 1554 2763 ῃ,
1580 2719 1662 2754 forh.
1691 2721 1778 2754 κάκ-

512 2770 577 2799 245
605 2767 670 2811 οὐχ
698 2767 715 2800 ὁ
742 2778 830 2802 corr.
854 2779 977 2812 apogr.
999 2769 1124 2812 Paris„
1152 2771 1194 2804 οὐ
1221 2771 1298 2805 LG
1385 2775 1451 2805 246
1477 2770 1580 2817 τάδε]
1609 2771 1668 2806 ’ὅδε
1689 2773 1778 2807 Her-

514 2822 581 2851 243
608 2818 809 2865 στενάξετε]
836 2820 968 2864 Heath,
995 2822 1177 2865 στενάζετε
1204 2825 1236 2857 L
1249 2824 1280 2857 G
