1920 3235
737 166 1027 197 HPAKAEIAAI
1600 165 1618 204 1
1632 166 1646 204 l

305 273 450 321 ποιόις
482 269 520 312 δ’
558 271 743 325 ἀμύνων
778 272 1038 326 συμμάχοις,
1071 273 1190 321 τίνος
1223 268 1262 312 δ’
1297 272 1405 325 ὕπερ

306 343 470 392 θάψεις
503 344 687 397 νεκροὺς
719 346 954 393 πεσόντας;
990 340 1013 396 ἦ
1047 344 1181 384 κακὸν
1214 344 1347 396 λόγον
1588 355 1652 383 1⁴55

312 415 446 468 κτήσῃ
479 414 588 468 πρὸς
620 414 784 467 ἀστῶν,
817 415 857 455 εἰ
886 413 1093 468 γέροντος
1124 414 1268 455 εἵνεκα

306 485 475 538 τύμβου
507 485 555 525 τὸ
587 483 725 538 μηδὲν
758 486 905 538 ὄντος,
938 485 996 534 ὡς
1029 486 1166 526 εἰπεῖν
1199 487 1323 535 ἔπος,

307 557 478 596 παίδων
512 571 556 597 τε
588 555 721 597 τῶνδ’
757 555 800 604 ἐς
831 556 992 597 ἄντλον
1025 555 1191 610 ε’μβήσῃ
1225 556 1350 597 πόδα.

311 625 422 679 ε’ρεΐς
453 627 501 667 τὸ
534 630 703 682 λῷστον
736 625 873 667 ἐλπίδ’
913 626 1116 680 εὑρήσειν
1149 628 1301 680 μόνον.

306 695 377 738 καὶ
409 702 537 738 τοῦτο
570 700 716 754 πολλῷ
748 703 827 738 τοῦ
859 699 1077 749 παρόντος
1109 696 1271 746 ἐνδεές·
1585 708 1650 738 170

306 775 446 817 κακῶς
478 769 560 821 γὰρ
590 765 850 822 Ἀργείοισιν
884 764 967 809 οἵδ’
1005 766 1272 822 ὡπλισμένοι

307 837 500 893 μάχοιντ’
539 837 592 880 ἂν
624 838 883 892 ἡβήσαντες,
917 843 961 880 εἴ
987 855 1027 880 τι
1060 841 1190 881 τοῦτό
1223 850 1270 880 σε

307 910 452 964 ψυχὴν
485 908 674 963 ἐπαίρει,
706 910 815 964 χοὺν
848 909 963 966 με’σῳ
996 911 1135 959 πολὺς
1167 912 1344 965 χρόνος,

312 980 359 1021 ἐν
392 974 424 1036 ᾧ
459 977 755 1034 διεργασθεῖτ’
792 982 858 1022 ἄν.
923 979 1016 1022 ἀλλ’
1055 979 1149 1035 ἐμοὶ
1181 986 1336 1023 πιθοῦ·

308 1053 414 1101 δοὺς
445 1050 602 1106 μηδέν,
634 1051 744 1093 ἀλλὰ
775 1050 873 1105 τᾶμ’
913 1051 996 1093 ε’ῶν
1029 1053 1152 1105 ἄγειν
1185 1050 1258 1106 ἐμὲ
1586 1064 1651 1094 175

309 1128 462 1176 κτῆσαι
494 1124 735 1176 Μυκήνας,
768 1121 868 1177 μήδ’
907 1123 1012 1176 ὅπερ
1046 1126 1211 1177 φιλεῖτε
1245 1124 1355 1177 δρᾶν

308 1194 455 1248 πάθῃς
487 1195 543 1235 σὺ
575 1199 726 1242 τοῦτο,
758 1196 861 1244 τοὺς
893 1194 1128 1248 ἀμείνονας
1159 1194 1300 1248 παρὸν

310 1266 468 1316 φίλους
500 1263 698 1313 ἑλέσθαι,
731 1266 832 1314 τοὺς
864 1266 1070 1313 κακίονας
1103 1265 1250 1320 λάβῃς.

134 1338 222 1377 ΧΟ.
304 1337 370 1384 τίς
401 1334 455 1375 ἂν
488 1335 616 1388 δίκην
647 1336 837 1388 κρίνειεν
869 1334 895 1389 ἢ
928 1337 1056 1388 γνοίη
1089 1337 1245 1388 λόγον,

307 1403 411 1459 πρὶν
445 1404 500 1446 ἀν
531 1402 633 1459 παρ’
671 1405 838 1459 ἀμφοῖν
871 1410 1019 1460 μῦθον
1053 1405 1222 1460 ἐκμάθῃ
1256 1414 1425 1460 σαφῶς;
1588 1417 1652 1448 180

133 1479 210 1518 10.
308 1476 434 1528 ἄναξ,
469 1475 651 1529 ὑπάρχει
683 1474 763 1530 μὲν
795 1473 887 1518 τόδ’
925 1476 972 1518 ἐν
1003 1483 1054 1531 τῇ
1087 1482 1141 1530 σῇ
1173 1478 1328 1530 χθονί,

308 1547 445 1588 εἰπεῖν
477 1546 667 1588 ἀκοῦσαί
694 1543 730 1588 τ’
767 1547 815 1589 ἐν
848 1547 968 1601 με’ρει
1003 1547 1204 1601 [πάρεστι’
1231 1550 1344 1602 μοι],

310 1617 484 1666 κούδείς
516 1614 562 1671 μ’
599 1617 762 1659 ἀπώσει
795 1620 994 1670 πρόσθεν
1029 1619 1173 1672 ὥσπερ
1207 1620 1410 1660 ἄλλοθεν.

312 1687 418 1742 ἡμῖν
452 1686 500 1730 δὲ
531 1687 603 1730 καὶ
634 1686 737 1745 τῷδ’
775 1688 906 1730 οὐδέν
940 1689 1058 1731 ἐστιν
1091 1689 1138 1731 ἐν
1171 1689 1303 1747 μέσῳ·

309 1757 399 1800 ἐπεὶ
431 1760 514 1812 γὰρ
535 1758 727 1813 ’Ἄργους
759 1760 812 1801 οὐ
844 1758 1018 1814 μέτεσθ’
1055 1760 1161 1814 ἡμῖν
1193 1762 1274 1814 ἔτι,
1585 1772 1650 1802 185

308 1831 441 1887 ψήφῳ
476 1831 688 1883 δοκῆσαν,
723 1830 830 1872 ἀλλὰ
864 1832 1088 1885 φεύγομεν
1120 1832 1309 1885 πάτραν,

309 1907 399 1950 πῶς
431 1899 485 1942 ἂν
518 1902 697 1950 δικαίως
730 1901 787 1951 ὡς
818 1904 1110 1956 Μυκηναίους
1142 1903 1242 1956 ἄγοι

310 1970 375 2013 ὅδ’
413 1973 542 2021 ὄντας
573 1971 705 2026 ἡμᾶς,
738 1972 816 2022 οὓς
847 1973 1075 2027 ἀπήλασαν
1107 1976 1292 2028 χθονός;

312 2041 427 2092 ξένοι
458 2043 542 2096 γάρ
575 2043 716 2097 ἐσμεν.
778 2043 803 2098 ἣ
836 2044 914 2085 τὸν
940 2042 1164 2097 Ἑλλήνων
1197 2045 1304 2099 ὅρον

310 2113 492 2166 φεύγειν
525 2111 748 2155 δικαιοῦθ’
787 2114 906 2163 ὅστις
937 2114 991 2156 ἂν
1023 2116 1181 2169 τᾶργος
1212 2116 1351 2171 φύγῃς
1586 2127 1651 2157 190

311 2183 475 2225 οὔκουν
503 2181 692 2237 Ἀθήνας
724 2183 786 2237 γ’·
820 2184 872 2226 οὐ
904 2186 986 2239 γὰρ
1014 2183 1224 2240 Ἀργείων
1256 2188 1381 2241 φόβῳ

309 2255 411 2301 τοὺς
437 2252 723 2306 “Ηρακλειόυς
755 2256 914 2304 παῖδας
946 2255 1122 2305 ἐξελῶσι
1154 2262 1244 2310 γῆς.

233 2372 295 2402 165
324 2366 343 2412 ἢ
370 2369 449 2404 LP
498 2373 562 2403 166
590 2368 724 2404 οὕνεκα
751 2370 828 2404 LP
877 2374 942 2405 168
970 2383 1006 2406 τε
1033 2382 1101 2406 om.
1129 2373 1221 2415 LP,
1248 2372 1331 2407 add.
1361 2374 1372 2407 l
1427 2376 1492 2407 169
1520 2371 1650 2419 μόνον]

135 2422 220 2457 fort.
249 2419 383 2467 χρόνον
453 2426 516 2456 171
545 2423 784 2467 ὡπλισμένοις
810 2424 970 2458 Schenkl
1045 2429 1109 2459 17⁶2
1138 2423 1184 2459 ἂν
1213 2425 1427 2471 ἡβήσαντες]
1456 2426 1652 2469 Victorius,

135 2474 387 2521 ἀνηβήσαντες
412 2475 490 2510 LP
510 2477 513 2520 Ι
537 2475 575 2510 εἴ
594 2477 642 2522 τι]
670 2476 844 2521 Ehnshey,
873 2478 904 2512 εἰ
929 2477 1007 2511 LP
1086 2482 1150 2512 173
1178 2479 1283 2525 χοὺν]
1311 2478 1345 2524 χ’
1374 2480 1448 2514 ὡύν
1474 2480 1561 2523 LP,
1589 2480 1652 2514 sed

135 2527 168 2573 χ’
194 2542 220 2562 ω
252 2527 292 2562 in
321 2539 392 2562 rag.
428 2539 494 2563 sor.
529 2530 540 2562 l
572 2528 607 2572 (i.
637 2540 665 2564 e.
701 2531 763 2564 καὶ
795 2531 862 2565 οὑν
888 2530 1085 2575 scripserat
1111 2532 1158 2575 L)
1282 2536 1347 2566 178
1373 2531 1501 2579 λάβῃς]
1527 2534 1653 2578 λαβεῖν

134 2580 340 2625 Kirchhoff,
380 2581 543 2625 praefert
580 2582 717 2617 παθὼν
751 2587 815 2618 177
851 2583 1010 2617 Schenkl
1132 2588 1196 2617 179
1224 2585 1320 2630 ΧΟ.]
1351 2584 1529 2629 Elmsley‚
1569 2588 1651 2619 ΔΗ.

135 2634 238 2680 LP}
261 2632 435 2680 κρίνειεν]
462 2635 563 2669 Aem.
592 2635 736 2678 Portus,
762 2635 924 2679 κρίνοιεν
950 2637 1028 2670 LP
1048 2638 1050 2681 Ι
1077 2635 1196 2683 γνοίη]
1224 2636 1306 2681 δοίη
1330 2637 1430 2672 Stob.
1451 2637 1486 2671 fl.
1507 2642 1562 2682 46,
1585 2643 1604 2671 2

137 2690 202 2720 182
235 2686 388 2731 πάρεστι’
419 2701 475 2731 μοι
512 2688 616 2722 varia
647 2688 757 2723 lectio
789 2689 835 2722 ad
867 2688 1018 2734 1ὑπάρχει
1055 2689 1119 2734 μὲν
1153 2690 1342 2736 adscripta
1367 2690 1529 2734 videtur,
1567 2691 1650 2727 fort.

134 2740 220 2780 τοὺς
245 2739 284 2774 ἐν
311 2739 395 2785 δίκῃ
508 2745 573 2775 184
601 2740 710 2788 μέσῳ]
737 2741 985 2786 Valckenaer‚
1013 2743 1111 2787 μέρει
1137 2745 1215 2778 LP
1322 2747 1386 2777 185
1415 2745 1457 2778 οὐ
1485 2743 1651 2791 μέτεσθ’]

135 2792 290 2837 Dobree,
317 2793 428 2828 οὐδὲν
455 2792 533 2828 ἔσθ’
565 2794 643 2829 LP
722 2798 787 2829 188
815 2794 891 2842 ὅδ’]
919 2795 1112 2840 Tsrwhitt,
1140 2794 1204 2830 ὧδ’
1235 2797 1320 2831 LP.
1372 2797 1527 2831 Versum
1554 2797 1653 2832 delet

136 2845 390 2890 Klinkenberg
490 2851 555 2881 190
582 2847 768 2881 δικαιοῦτ’
799 2849 884 2891 LP,
912 2849 975 2882 sed
1001 2847 1033 2882 τ’
1063 2849 1101 2882 in
1128 2860 1197 2884 ras.
1226 2861 1290 2883 sor.
1319 2850 1345 2892 l,
1373 2849 1563 2884 δικαιοῦθ’
1590 2863 1617 2894 p
1646 2852 1649 2896 ζ

139 2898 254 2945 φύγῃ]
281 2899 455 2944 Ehnssty,
483 2900 593 2946 φύγοι
620 2901 698 2934 LI'
803 2905 866 2935 191
895 2902 936 2936 oi·
966 2901 1048 2948 γὰρ]
1075 2902 1118 2936 H.
1147 2902 1368 2947 Stephanus,
1394 2903 1460 2937 οὐκ
1487 2902 1546 2947 ἄρ’
1576 2905 1656 2939 LP
