1920 3235
824 182 1002 215 BAKXAI
1615 183 1672 226 53

333 288 389 342 ἣν
411 287 565 342 ’Ἀρεος
597 290 716 342 ἔσχες
741 285 980 343 Ἁρμονίαν
1011 291 1177 344 θνητὸς
1207 291 1364 344 γεγώς,
1583 304 1671 335 1332

332 357 642 414 ἐκθηριωθεῖσ’
682 361 812 414 ὄφεος
844 359 1015 409 ἀλλάξει
1047 361 1206 413 τύπον,
1582 376 1668 406 13:51

333 431 438 485 ὄχον
471 429 517 471 δὲ
550 431 746 484 μόσχων,
780 431 970 485 χρησμὸς
1002 431 1059 480 ὡς
1091 430 1206 484 λέγει
1239 434 1366 487 Διός,

331 500 431 556 ἐλᾷς
462 496 552 554 μετ’
589 499 770 554 ἀλόχου,
803 500 1039 555 βαρβάρων
1070 500 1326 554 ἡγούμενος.

329 570 493 619 πολλὰς
525 567 572 611 δὲ
604 569 778 624 πέρσεις
810 570 1044 627 ἀναρίθμῳ
1078 572 1363 626 στρατεύματι
1584 587 1671 617 1335

331 643 494 690 πόλεις·
527 641 632 682 ὅταν
665 638 712 682 δὲ
746 641 910 692 Λοξίου
942 643 1208 695 χρηστήριον

329 713 623 767 διαρπάσωσι,
658 713 818 753 νόστον
851 712 1012 753 ἄθλιον
1043 712 1175 753 πάλιν

329 785 558 837 σχήσουσι·
592 781 639 825 σὲ
673 779 715 824 δ’
740 781 874 837 ’Ἀρης
899 779 1137 836 Ἀρμονίαν
1170 799 1213 825 τε
1247 783 1424 838 ῥύσεται

327 854 536 908 μακάρων
567 852 602 895 τ’
642 853 684 903 ἐς
717 850 819 895 αἶαν
851 854 931 896 σὸν
963 854 1226 908 καθιδρύσει
1258 857 1370 908 βίον.

326 923 444 967 ταῦτ’
483 924 580 979 οὐχὶ
612 929 784 978 θνητοῦ
815 925 977 978 πατρὸς
1009 923 1194 978 ἐκγεγὼς
1225 925 1337 979 λε’γω
1578 940 1667 969 1:540

327 998 573 1049 Διόνυσος,
607 995 714 1037 ἀλλὰ
748 998 905 1048 Ζηνός·
941 996 981 1037 εἰ
1012 993 1058 1036 δὲ
1092 1004 1344 1049 σωφρονεῖν

325 1065 504 1120 ἔγνωθ’,
538 1064 599 1108 ὅτ’
638 1067 718 1107 οὐκ
750 1066 951 1119 ἠθέλετε,
985 1067 1061 1107 τὸν
1095 1068 1204 1116 Διὸς
1236 1069 1372 1120 γόνον

323 1137 619 1192 εὐδαιμονοῑ’τ’
657 1137 711 1178 ι’ἐν
743 1138 974 1191 σύμμαχον
1008 1137 1273 1191 κεκτημένοι.

148 1210 235 1248 ΑΓ.
328 1211 542 1259 Διόνυσε,
576 1209 850 1261 λισσόμεσθά
882 1206 941 1259 σ’,
974 1208 1252 1261 ἠδικήκαμεν.

146 1280 225 1319 ΔΙ.
324 1277 394 1328 ὄψ’
433 1277 617 1333 ἐμάθεθ’
653 1278 783 1332 ἡμᾶς,
818 1279 887 1319 ὅτε
921 1276 967 1319 δὲ
1001 1284 1131 1332 χρῆν,
1164 1279 1245 1320 οὐκ
1276 1277 1411 1334 ᾔδετε.
1574 1293 1661 1323 1345

144 1351 233 1390 ΑΓ.
323 1349 574 1403 ἐγνώκαμεν
604 1347 746 1391 ταῦτ’·
782 1346 877 1391 ἀλλ’
914 1348 1117 1404 ἐπεξέρχῃ
1149 1352 1261 1391 λίαν.

145 1422 223 1460 ΔΙ.
321 1419 392 1461 καὶ
426 1422 508 1475 γὰρ
541 1421 649 1475 πρὸς
681 1420 804 1474 ὑμῶν
835 1421 940 1469 θεὸς
973 1421 1110 1473 γεγὼς
1141 1421 1393 1475 ὑβριζόμην.

143 1492 232 1531 ΑΓ.
324 1491 457 1544 ὀργὰς
487 1491 639 1545 πρέπει
672 1494 806 1540 θεοὺς
839 1491 917 1545 οὐχ
951 1491 1218 1545 ὁμοιοῦσθαι
1251 1494 1437 1547 βροτοῖς.

144 1563 222 1602 ΔΙ.
322 1561 455 1603 πάλαι
488 1562 588 1603 τάδε
625 1564 733 1611 Ζεὺς
766 1562 901 1615 οὑμὸς
934 1561 1167 1603 ἐπένευσεν
1200 1565 1352 1617 πατήρ.

143 1633 232 1672 ΑΓ.
323 1634 434 1673 αἰαῖ.
469 1633 691 1685 δέδοκται,
724 1631 911 1686 πρέσβυ,
943 1634 1154 1686 τλήμονες
1187 1635 1334 1686 φυγαί.
1571 1647 1661 1677 1350

145 1704 224 1742 ΔΙ.
322 1705 367 1743 τί
396 1704 502 1756 δῆτα
537 1703 713 1757 μέλλεθ’
750 1704 858 1756 ἅπερ
892 1702 1139 1755 ἀναγκαίως
1171 1705 1277 1757 ἔχει;

141 1844 233 1883 KA.
319 1841 352 1884 ὦ
384 1843 560 1897 τέκνον,
592 1845 650 1894 ὡς
683 1844 726 1894 ἐς
759 1845 908 1885 δεινὸν
941 1845 1138 1898 ἤλθομεν
1171 1846 1326 1897 κακόν,

317 1915 373 1956 σύ
404 1913 450 1956 θ’
488 1915 513 1969 ἡ
546 1916 729 1957 τάλαινα
762 1916 978 1968 σύγγονοί
1004 1931 1049 1956 τε
1082 1917 1174 1968 σαί,

319 1986 401 2038 ἐγώ
434 1984 483 2027 θ’
521 1985 543 2028 ὁ
575 1988 751 2041 τλήμων
783 1986 1035 2040 βαρβάρους
1066 1985 1277 2040 ἀφίξομαι

319 2055 461 2110 γέρων
493 2056 708 2110 μέτοικος·
741 2059 802 2098 ε”τι
836 2055 889 2097 δέ
917 2055 1071 2110 μούστὶ
1103 2056 1332 2110 θέσφατον
1570 2071 1657 2101 1355

318 2127 362 2175 ἐς
387 2124 562 2168 Ἑλλάδ’
601 2127 781 2181 ἀγαγεῖν
814 2127 975 2180 μιγάδα
1008 2127 1232 2181 βάρβαρον
1265 2130 1462 2180 στρατόν.

317 2195 388 2238 καὶ
420 2198 501 2250 τὴν
522 2196 688 2252 ’Ἀρεως
719 2195 840 2239 παῖδ’
871 2194 1133 2251 Ἀρμονίαν,
1167 2197 1347 2253 δάμαρτ’
1386 2198 1512 2253 ἐμήν,

233 2387 332 2417 1332.
351 2387 438 2417 1331
462 2383 606 2418 inverso
628 2383 754 2418 ordine
776 2383 889 2417 habet
904 2383 946 2426 P,
967 2383 1197 2428 transposuit
1212 2384 1376 2419 Schoene
1429 2389 1517 2420 1332
1533 2384 1655 2430 Ἁρμο-

137 2434 238 2482 νίαν]
260 2435 406 2479 Aldina,
435 2435 613 2480 ἁρμονίας
640 2437 675 2470 Ρ
724 2440 812 2470 1333
841 2436 943 2482 ὄχον]
970 2436 1116 2479 Aldina,
1146 2436 1242 2482 ὄχων
1263 2438 1298 2472 Ρ
1348 2441 1438 2472 1334
1466 2438 1549 2486 ἐλᾷς
1576 2440 1611 2473 Ρ

138 2492 225 2522 1341
255 2495 452 2533 σοφρονεῖν
479 2490 521 2531 Ρ,
549 2501 638 2523 corr.
661 2501 689 2533 p
751 2493 838 2523 1342
866 2488 1010 2534 «ἔγνωθ’
1043 2490 1086 2533 P,
1114 2501 1202 2525 corr.
1225 2502 1254 2535 p
1307 2494 1405 2525 1344.
1435 2495 1534 2526 1346.
1564 2496 1654 2527 1348

137 2541 275 2575 Cadmo
302 2542 435 2576 tribuit
462 2543 505 2585 P,
532 2554 621 2577 corr.
650 2542 812 2586 Elmsley
899 2546 988 2576 1344
1014 2542 1252 2589 λισσόμεσθά]
1279 2543 1427 2587 Aldina,
1453 2543 1655 2588 λισσόμεθα

137 2595 173 2627 Ρ
278 2599 366 2629 1345
395 2594 558 2638 ἐμάθεθ’
584 2623 589 2629 .
613 2624 619 2629 .
642 2593 763 2641 ᾔδετε]
791 2594 944 2638 Aldina,
977 2594 1122 2639 ἐμέθετ’
1148 2626 1152 2630 .
1177 2624 1182 2630 .
1205 2596 1319 2631 εἴδετε
1348 2597 1387 2631 Ρ.
1440 2596 1509 2631 Cfr.
1538 2598 1652 2632 Bekk.

136 2647 271 2681 Anecd.
299 2660 333 2692 p.
361 2651 404 2681 98
432 2647 555 2692 ἥδεται
586 2645 702 2693 (ᾔδετε
724 2647 914 2692 Ehnsley)·
945 2647 1151 2693 Εὐριπίδης
1172 2649 1333 2694 Βάκχαις
1356 2650 1359 2695 1
1383 2648 1419 2683 δ’
1443 2649 1552 2694 ἐχρῆν
1573 2651 1609 2684 Ρ

137 2703 225 2734 1347
271 2700 386 2746 ὑμῶν]
432 2700 640 2743 Victorius,
689 2700 789 2744 ἡμῶν
833 2701 874 2734 P.
938 2701 1026 2735 Post
1065 2706 1154 2736 1348
1198 2702 1376 2737 nonnulla
1420 2702 1652 2738 intercidisse

135 2752 306 2787 videntur
405 2758 492 2787 1349
520 2753 623 2799 τάδε]
651 2753 803 2797 Aldina,
830 2753 916 2798 τάγε
943 2755 978 2787 Ρ
1009 2756 1013 2798 Ι
1046 2753 1212 2789 ἐπαίνεσε
1241 2756 1289 2798 Ρ,
1317 2753 1508 2790 ἐπένευσεν
1528 2768 1557 2800 p

138 2809 226 2839 1350
253 2804 441 2852 τλήμονες]
467 2806 614 2850 Aldina,
640 2805 813 2849 τήλμονες
841 2807 875 2840 Ρ
923 2811 1011 2841 1353
1039 2807 1106 2852 ἐγὼ
1133 2808 1175 2842 σύ
1201 2807 1243 2842 θ’
1267 2807 1390 2851 Paley.
1442 2809 1529 2842 Post
1554 2809 1651 2844 hunc

135 2869 167 2892 v.
198 2858 376 2892 nonnulla
409 2859 590 2893 excidisse
625 2859 795 2894 videntur
916 2863 1005 2893 1355
1033 2861 1176 2907 μούστὶ]
1203 2861 1249 2895 M.
1277 2861 1420 2905 Haupt,
1452 2874 1513 2905 μοι
1540 2862 1579 2896 τὸ
1606 2862 1648 2898 Ρ.

136 2909 205 2944 Cfr.
233 2909 365 2946 Christ.
391 2913 466 2956 pah.
498 2915 587 2947 1670
615 2912 685 2946 ἔστι
712 2911 780 2958 γὰρ
807 2912 846 2947 τὸ
872 2912 1065 2957 θέσφατον
