1920 3235
571 176 814 207 l‘HFENEIA
841 175 874 206 Π
900 176 962 207 EN
989 174 1197 207 ΤΛὙΡΟΙΣ
1586 172 1642 213 53

303 281 382 322 οὐκ
415 277 455 321 εἶ
484 282 764 335 κρατούντων
796 282 904 335 πρὸς
935 281 1074 330 πύλας
1105 281 1210 322 ὅσον
1243 281 1388 336 τάχος;

127 353 253 393 ΑΓΓ.
304 352 371 403 οὔ,
404 353 508 405 πρίν
539 350 580 404 γ’
616 351 670 392 ἂν
703 355 799 407 εἴπῃ
832 352 993 400 τοῦπος
1025 351 1236 405 ἑρμηνεὺς
1266 352 1380 404 τόδε,

302 420 381 463 εἶτ’
419 423 550 463 ε”νδον
582 420 657 463 εἰτ’
696 422 775 464 οὐκ
807 424 939 463 ἔνδον
971 422 1159 476 ἀρχηγὸς
1191 424 1364 476 χθονός.

302 492 377 546 ὠή,
411 496 565 546 χαλᾶτε
598 496 786 548 κλῇθρα,
818 501 907 541 τοῖς
940 494 1070 533 ἔνδον
1103 492 1230 546 λέγω,

300 562 371 604 καὶ
404 564 590 618 δεσπότῃ
624 562 845 618 σημήναθ’
883 561 1026 604 οὕνεκ’
1064 562 1111 604 ἐν
1142 564 1300 612 πύλαις
1553 574 1640 603 1305

299 635 490 689 πάρειμι,
523 641 687 675 καινῶν
719 636 886 688 φόρτον
919 633 1142 687 ἀγγέλλων
1175 641 1331 675 κακῶν.

806 735 947 767 ΘΟΛΣ.

301 795 365 841 τίς
398 790 507 846 ἀμφὶ
541 793 663 846 δῶμα
694 796 801 842 θεᾶς
832 788 900 834 ὅδ’
936 792 1107 846 ἵστησιν
1139 793 1264 845 βοήν,

299 863 438 912 πύλας
470 862 628 918 ἀράξας
659 862 729 904 καὶ
763 864 911 917 ψόφον
943 861 1115 916 πέμψας
1146 863 1250 912 ἔσω;

125 935 250 976 ΑΓΓ.
299 934 473 983 ψευδῶς
504 935 656 987 ἔλεγον
689 933 784 975 αἵδε
817 935 892 974 καί
920 932 961 987 μ’
1001 932 1256 986 ἀπήλαυνον
1290 933 1453 987 δόμων,

299 1004 357 1053 ὡς
389 1003 509 1053 ἐκτὸς
541 1008 648 1057 εἴης·
683 1005 738 1045 σὺ
772 1002 819 1045 δὲ
851 1002 942 1044 κατ’
982 1000 1105 1045 οἶκον
1137 1000 1240 1056 ἧσθ’
1273 1004 1366 1057 ἄρα.
1552 1016 1640 1045 1310

123 1078 210 1116 ΘΟ.
296 1077 342 1115 τί
368 1075 674 1129 προσδοκῶσαι
707 1073 862 1127 κέρδος
894 1074 920 1129 ἢ
953 1075 1228 1129 θηρώμεναι;

124 1147 250 1187 ΑΓΓ.
301 1141 432 1194 αὖθις
463 1146 514 1186 τὰ
546 1146 683 1187 τῶνδε
717 1152 914 1199 σημανῶ·
947 1146 998 1186 τὰ
1031 1143 1072 1186 δ’
1110 1144 1158 1186 ἐν
1189 1143 1292 1186 ποσὶ

297 1213 477 1271 παρόντ’
514 1217 718 1257 ἄκουσον.
781 1216 807 1270 ἡ
840 1222 988 1265 νεᾶνις
1018 1215 1044 1270 ἣ
1075 1214 1231 1256 ’νθάδε

300 1290 463 1340 βωμοῖς
494 1283 736 1341 παρίστατ’,
766 1283 1003 1340 Ἰφιγένει’,
1037 1285 1116 1336 ἔξω
1149 1286 1313 1340 χθονὸς

301 1360 384 1399 σὺν
416 1365 507 1406 τοῖς
538 1355 729 1408 ξένοισιν
761 1362 938 1411 οἴχεται,
972 1357 1136 1410 σεμνὸν
1168 1362 1276 1405 θεᾶς
1552 1368 1640 1397 1315

298 1425 454 1482 ἄγαλμ’
493 1430 670 1482 ἔχουσα·
704 1429 830 1470 δόλια
863 1426 902 1469 δ’
940 1425 995 1481 ἦν
1027 1427 1299 1481 καθάρματα.

123 1503 212 1542 ΘΟ.
297 1507 387 1549 πῶς
419 1502 523 1553 φής;
557 1500 602 1540 τί
628 1506 799 1553 πνεῦμα
832 1505 1063 1553 συμφορᾶς
1094 1497 1354 1551 κεκτημένης

123 1572 251 1612 ΑΓΓ.
304 1567 484 1626 σῴζουσ’
515 1568 738 1624 Ὀρέστην·
770 1575 900 1611 τοῦτο
932 1570 1015 1622 γὰρ
1049 1569 1104 1609 σὺ
1136 1568 1357 1623 θαυμάσῃ.

123 1644 211 1682 ΘΟ.
302 1641 380 1681 τὸν
411 1648 559 1690 ποῖον;
593 1636 660 1694 ἆρ’
698 1639 749 1681 ὃν
786 1637 1005 1691 Τυνδαρὶς
1036 1640 1167 1680 τίκτει
1200 1640 1327 1693 κόρη;

122 1714 249 1754 ΑΓΓ.
301 1711 353 1753 ὃν
384 1713 530 1752 τοῖσδε
561 1713 726 1765 βωμοῖς
757 1711 842 1752 θεὰ
874 1710 1204 1750 καθωσιώσατο.
1552 1720 1640 1750 1320

125 1785 213 1824 ΘΟ.
300 1779 333 1823 ὦ
365 1785 532 1835 θαῦμα,
563 1789 652 1829 πῶς
685 1782 851 1830 ὄλειζον
884 1779 1104 1832 ὀνομάσας
1136 1779 1271 1832 τύχω;

122 1855 249 1895 ΑΓΓ.
300 1853 356 1907 μὴ
385 1850 572 1893 ’νταῦθα
604 1849 765 1906 τρέψῃς
796 1852 879 1905 σὴν
911 1847 1056 1904 φρέν’,
1090 1845 1182 1890 ἀλλ’
1219 1847 1354 1891 ἄκουέ
1382 1861 1483 1903 μου·

299 1930 451 1978 σαφῶς
483 1919 523 1963 δ’
559 1922 760 1978 ἀθρήσας
790 1920 862 1963 καὶ
894 1921 1041 1962 κλύων
1073 1919 1364 1973 ἐκφρόντισον

300 1995 489 2048 διωγμὸς
521 1993 638 2043 ὅστις
669 1995 772 2042 τοὺς
804 1991 957 2044 ξένους
988 1991 1241 2045 θηράσεται.

125 2068 212 2107 ΘΟ.
297 2061 403 2118 λέγ’·
436 2060 484 2106 εὖ
515 2065 597 2118 γὰρ
631 2061 768 2113 εἶπας·
802 2063 855 2105 οὐ
887 2064 969 2116 γὰρ
1003 2062 1246 2116 ἀγχίπλουν
1277 2063 1417 2115 πόρον
1551 2073 1640 2102 1325

299 2135 556 2190 φεύγουσιν,
590 2135 697 2176 ὥστε
731 2135 966 2188 διαφυγεῖν
997 2133 1164 2186 τούμὸν
1197 2133 1319 2187 δόρυ.

221 2267 309 2298 1301
337 2262 480 2305 nuntio,
509 2265 597 2295 1302
613 2274 664 2305 sq.
693 2262 803 2297 choro
829 2261 999 2295 tribuunt
1024 2261 1110 2303 LP,
1137 2271 1226 2294 corr.
1247 2260 1371 2293 Heath
1460 2262 1545 2292 1301
1574 2259 1641 2293 πύ-

124 2319 203 2363 λας]
231 2318 313 2351 fort.
342 2315 478 2360 δόμους
551 2319 641 2349 1302
669 2315 768 2361 εἶ’πῃ]
795 2315 944 2355 Porson,
971 2313 1068 2348 εἶ’ποι
1094 2313 1180 2356 LP,
1207 2313 1272 2347 sed
1299 2326 1316 2347 ο
1345 2324 1387 2347 ex
1407 2327 1428 2357 η
1457 2323 1546 2347 corr.
1568 2312 1639 2347 vid.

124 2371 158 2406 L
181 2372 185 2412 Ι
207 2367 342 2409 τοῦπος
367 2370 452 2412 LP,
478 2368 613 2408 τοῦπος
640 2369 682 2412 lp
782 2372 869 2401 1305
897 2365 1083 2411 σημήναθ’
1111 2366 1155 2409 P,
1184 2366 1247 2400 §ed
1267 2365 1449 2410 posterius
1470 2379 1491 2409 η
1513 2365 1552 2399 in
1570 2376 1639 2399 ras.

125 2435 191 2458 sel:
208 2435 236 2467 p
256 2422 294 2456 eb
313 2424 399 2456 ante
419 2424 448 2456 θ
472 2432 562 2455 eras,
585 2432 604 2454 σ
680 2424 767 2454 1306
795 2419 941 2464 φόρτωι·
968 2421 1010 2463 P,
1038 2417 1176 2463 φόρτον
1196 2431 1224 2463 p
1248 2421 1251 2463 Ι
1281 2419 1443 2463 ἀγγελῶν
1470 2418 1643 2451 Schaefer

222 2479 309 2509 1307
338 2473 415 2521 ὅδ’]
442 2473 630 2516 Tournier,
666 2471 743 2507 τόδ’
774 2474 852 2507 LP
877 2473 881 2518 Ι
916 2472 1031 2517 ἵστησι
1058 2473 1093 2506 P
1214 2475 1302 2505 1309
1330 2472 1477 2514 ψευδῶς
1503 2470 1640 2516 ἔλεγον]

126 2529 286 2573 ἕψευδον
310 2527 537 2569 Heimsoeth,
565 2526 735 2560 ἔκλεπτον
761 2526 915 2571 Ziegler,
941 2526 1024 2560 fort.
1052 2525 1188 2569 ἔφλυον
1214 2525 1272 2569 (de
1294 2521 1396 2567 φλῐῖω
1423 2523 1484 2557 cfr.
1507 2523 1639 2557 Athen.

126 2586 193 2616 699
210 2582 250 2626 C)
360 2584 449 2614 1310
477 2579 567 2625 εἴης]
596 2579 770 2624 Scaliger,
796 2575 839 2622 ἧς
864 2580 942 2614 LP
1056 2582 1143 2611 1312
1172 2575 1300 2623 αὖθις]
1327 2576 1510 2618 Schaefer,
1537 2573 1641 2615 αὖτις

125 2635 204 2670 LP
298 2638 388 2667 1314
415 2633 497 2667 forb.
526 2631 688 2676 ἀφίστατ’
791 2636 879 2666 1319
906 2632 946 2666 τὸ
972 2637 1081 2666 ποῖον
1102 2632 1160 2675 ΡΙ
1184 2629 1276 2673 κόρα
1301 2631 1390 2663 mu'n.
1418 2629 1457 2662 in
1482 2628 1571 2672 κόρη
1593 2629 1639 2672 L,

126 2686 216 2732 κόρη
244 2688 280 2721 Ρ
375 2690 461 2720 1321
492 2685 644 2731 ὄλειζον]
671 2685 810 2729 scripsi5
837 2696 874 2718 σε
900 2687 1021 2728 μεῖζον
1047 2685 1125 2718 LP
1154 2685 1205 2727 (σε
1232 2689 1334 2727 μεῖον
1361 2681 1570 2725 Markland>

128 2744 218 2774 1324
246 2738 321 2774 ’ὅστι
350 2740 392 2780 Ρ,
421 2737 517 2778 ὅστις
538 2750 565 2782 p
680 2742 768 2771 1325
794 2738 952 2782 Hesych.
981 2735 1172 2781 ἀγχίπους·
1207 2733 1498 2778 εἷ’διακόμιστος,
1531 2734 1593 2767 καὶ
1621 2733 1638 2767 ὁ

126 2793 313 2836 παρεστὼς
338 2793 400 2826 καὶ
427 2792 610 2836 σύνεγγυς.
663 2790 867 2835 Εὐριπίδης
887 2788 1087 2837 Ἰφιγενείᾳ
1112 2795 1155 2834 τῇ
1182 2789 1221 2822 ἐν
1251 2788 1425 2830 Ταύροις,
1457 2786 1540 2821 fort.
1567 2786 1638 2831 leg.

80 2845 85 2847 ”
127 2844 340 2890 ἀγχίπλους·
369 2843 656 2888 εὐδιακόμιστος,
682 2842 887 2888 Εὐριπίδης
911 2872 916 2877 .
940 2872 946 2877 .
970 2843 1140 2885 Ταύροις.
1191 2839 1383 2885 ἀγχίπους·
1411 2838 1430 2874 ὁ
1457 2839 1641 2883 παρεστὼς

127 2899 190 2933 καὶ
216 2898 390 2944 σύνεγγυς
