1941 3204
802 159 1037 191 APPENDIX
1627 159 1648 199 7
1655 160 1680 197 9

162 261 322 306 εὐγενεῖς
347 261 588 305 στρατηλάται
620 263 656 296 F.
678 262 744 297 Gn.
767 262 928 296 Schmidt
1048 267 1114 296 953
1143 262 1234 297 ὅθεν
1260 262 1402 306 πέφυκε
1429 269 1505 303 τοῖς
1532 275 1683 308 στρατη-

158 313 285 353 λάταις
310 312 415 359 γένος
445 314 593 357 {wislam
633 314 718 349 ὅτου
744 314 929 358 πεφύκασ’
955 316 988 350 οἱ.
1016 315 1258 360 στρατηλάται
1287 314 1416 361 γένους
1444 316 1589 358 llvnnig

161 370 227 400 954
257 365 357 400 Φθιά
385 366 423 400 δὲ
451 367 557 411 τιμὴν
584 368 749 412 οὐδαμοῦ
776 368 984 412 κεκτήσεται
1015 369 1212 411 lllnsgravo
1250 371 1252 413 Ι
1283 369 1467 414 γενήσεται
1500 369 1610 413 Palmy

160 423 227 453 955
255 418 310 465 δὲ]
339 432 376 464 γε
407 420 540 454 lieisko
638 425 823 455 955ψὲ174
851 422 949 455 delet.
980 423 1016 456 Η.
1040 422 1184 455 Sclwnk
1283 426 1350 455 956
1377 427 1450 461 πᾶς
1476 422 1514 455 δὲ
1543 423 1682 466 μάντις,

161 471 284 506 deleto
312 485 340 506 v.
364 477 443 515 958,
471 474 507 508 1⁴¹.
531 474 598 508 (ln.
621 474 789 508 Schmidt
811 475 815 518 Ι
840 474 930 519 ἕστἸ
957 476 1023 509 οὐκ
1050 475 1235 508 llerniann
1331 475 1416 508 l'ost
1443 479 1508 509 957
1538 488 1679 509 versum

162 523 395 558 intercidisse
423 528 531 570 putat
558 526 690 560 lleiske
767 531 833 561 958
861 529 995 573 τυχῶν]
1023 528 1146 572 αὐχῶν
1172 527 1331 561 ]·10lzn‹·1·
1353 530 1357 572 Ι
1381 527 1476 561 inLer
1502 529 1620 573 τυχών
1647 532 1683 562 et

163 575 254 612 ὅταν
274 577 444 612 lacunam
467 590 545 613 esse
566 582 675 623 putat
695 579 845 613 Kvi‹'·ala
868 582 872 623 Ι
896 579 950 614 'ijo’
966 579 1012 614 ἂν
1033 579 1073 613 ὁὲ
1093 580 1183 614 weil
1245 585 1377 623 959941,
1400 581 1443 614 οὐ
1465 587 1536 615 τῶν
1558 581 1683 625 γάμων

163 628 260 664 ἕκατι
291 630 477 675 δἐἴρηται
508 631 591 666 τόδε
617 632 763 676 (ceteris
791 632 937 676 deletis)
964 633 1149 666 Hermann
1201 637 1386 667 959-—969
1414 633 1512 667 delet
1543 634 1684 668 Walter

259 694 327 724 960
353 690 490 734 τούμὸν
515 688 664 733 λέκτρον
690 691 851 735 Lenting
972 695 1035 725 961
1066 689 1214 736 ὕβρισεν
1241 691 1305 724 Fix
1428 696 1494 726 962
1522 693 1588 737 χρη
1618 693 1684 738 γάρ

162 756 222 777 νιν
247 742 361 786 Paley
477 747 544 777 963
572 743 608 789 ἡ]
636 744 668 777 εἰ
694 743 782 778 olim
809 744 996 778 Hermann
1031 745 1035 787 Ι
1074 743 1375 787 Κλυταιμνήστρα
1403 743 1437 789 γ’
1463 745 1634 788 Hastam,r

158 799 224 829 963
240 807 291 839 sq.
319 796 454 835 παιδὸς
479 801 560 840 σῆς,
588 796 906 841 Κλυταιμνήστρα
936 797 978 830 σὺ
1005 795 1040 830 δ’
1057 797 1088 830 εἰ
1107 795 1229 841 λόγοις
1250 795 1426 841 ἐπείσθης
1447 798 1632 832 Ilei-mann

160 852 226 882 965
253 847 285 882 τ’
310 848 357 882 ἄν
384 847 417 894 γ’
444 849 598 893 Barnes,
631 848 661 883 τ’
687 849 734 884 ἄν
761 849 819 894 σφ’
845 849 1040 883 Markland
1146 854 1212 883 967
1241 847 1291 884 ὧν
1318 849 1414 896 μέτ’]
1444 848 1584 894 ὧνπερ,
1611 852 1680 885 nisi

158 913 188 935 v.
216 901 361 945 spurius
388 901 446 944 sit,
474 901 587 936 Lehrs
617 904 620 946 Ι
656 902 917 947 ἐστρατεΰομεν
946 902 1058 936 Monk
1155 907 1222 936 969
1251 902 1290 936 ἐν
1317 903 1469 947 εὐμαρεῖ
1493 903 1532 937 ὁὲ-
1562 904 1680 938 Blom-

159 953 257 996 field,
285 953 323 988 ἐν
350 955 503 998 εὐμαρεῖ
525 955 565 989 τὸ
591 955 790 999 Hermann,
818 955 857 990 ἐν
883 956 1035 999 εὐμαρεῖ
1055 954 1125 989 ’στι
1151 955 1324 1000 Hartnng

255 1016 321 1046 971
351 1013 474 1048 ἐλθεῖν
501 1013 641 1057 φόνους
667 1013 800 1058 (φόνον
827 1015 994 1059 Pons-on),
1022 1016 1164 1058 κηλῖσιν
1190 1013 1344 1058 αἵματος
1370 1022 1492 1060 χρανῶ
1518 1015 1652 1050 Reiske

159 1067 277 1110 κηλῖσι
311 1066 405 1100 κατὰ
438 1068 560 1112 χώραν
591 1069 689 1113 βαλῶ
723 1067 988 1102 Stadtumeller
1034 1070 1037 1111 Ι
1085 1066 1175 1111 αἷμά
1209 1081 1272 1102 του
1305 1075 1434 1113 χρανεῖ
1467 1069 1537 1113 (vel
1564 1067 1682 1113 ῥανεΐ)

159 1119 368 1162 Markland,
396 1117 467 1163 εἶμ’
485 1120 536 1154 ἔτι
556 1127 702 1165 χρανῶν
722 1121 868 1164 Jacobs,
896 1120 1155 1169 αι’ματοχρανῶ
1181 1121 1310 1164 Bothe,
1338 1121 1534 1165 αἱμακταῖς
1560 1130 1681 1167 χρανῶ

159 1173 329 1207 Meineke
361 1175 398 1207 et
430 1173 590 1216 Dobree,
636 1173 770 1208 ἐνθάδ’
795 1172 847 1208 ὣν
880 1179 1002 1219 χρανῶ
1029 1173 1323 1216 Rauchenstein,
1369 1174 1530 1209 αὐτόθεν
1557 1183 1679 1220 χρανῶ

158 1225 272 1269 Weil,
312 1225 452 1260 ἐνθάδε
478 1226 548 1271 (vel
575 1225 710 1261 αὐτόθι
737 1227 793 1261 vel
820 1225 961 1271 Αὐλίδι)
987 1224 1088 1270 ῥἀνῶ
1116 1226 1262 1270 Vitelli,
1303 1227 1556 1271 αἱματώσομεν
1582 1229 1679 1273 Eng-

157 1279 245 1313 land
328 1283 394 1313 973
421 1279 526 1325 θεὸς]
553 1278 659 1323 φίλος
685 1279 900 1314 Heimsoeth
981 1283 1048 1314 973
1066 1292 1116 1323 sq.
1143 1280 1218 1324 θὴς
1244 1279 1312 1325 ἐγὼ
1330 1310 1335 1315 .
1353 1309 1359 1316 .
1377 1280 1542 1326 μέγιστος
1567 1282 1680 1316 οἴκων

158 1332 299 1376 Burges
347 1333 350 1377 Ι
398 1339 476 1376 φῶς
501 1332 570 1377 ἐγὼ
596 1331 745 1377 πέφηνά
772 1345 844 1367 σοι·
873 1332 1048 1376 σωτήριος
1074 1331 1113 1367 δε
1141 1333 1207 1367 σὺν
1233 1336 1339 1372 θεοῖς
1366 1333 1560 1378 γενήσομαι
1590 1335 1680 1369 Her-

156 1395 286 1429 mann,
332 1383 437 1429 φίλος
470 1385 538 1430 ἐγὼ
564 1386 606 1420 οὐ
633 1384 783 1429 πέφηνά
811 1397 867 1420 σοι
894 1384 989 1430 γένει
1016 1385 1223 1429 προσήκων,
1255 1385 1333 1420 ἀλλ’
1359 1385 1454 1430 ’ὅμως
1480 1387 1679 1432 γενήσομαι

157 1437 438 1481 Stadtmueller,
482 1438 572 1478 θεὸς
607 1437 721 1483 ἀγῶν’
747 1437 862 1483 ἑφῆκέ
896 1452 956 1482 μοι
992 1437 1161 1483 μέγιστον
1196 1440 1234 1473 et
1269 1450 1351 1472 eum
1389 1440 1679 1475 Stadtmuellero

157 1491 277 1525 ὀκνῶν
304 1489 338 1525 δ’
365 1491 534 1534 οὐδαμῶς
560 1491 774 1535 φανήσομαι
800 1491 961 1525 Holzner
1022 1496 1089 1525 974
1116 1490 1282 1537 μέγιστος
1308 1492 1424 1537 ἁγών·
1451 1492 1531 1526 ἀλλ’
1559 1494 1679 1527 Mark-

156 1543 245 1577 land
269 1545 273 1587 Ι
296 1543 386 1577 ἀλλὰ
412 1549 490 1587 φῶς
516 1543 714 1589 γενήσομαι
741 1545 922 1589 Hartung,
949 1543 1026 1578 ἀλλ’
1051 1544 1144 1589 ἀνὴρ
1172 1544 1371 1589 γενήσομαι
1398 1545 1513 1580 Mei-lo
1612 1551 1677 1579 977

157 1599 227 1639 φεῦ
255 1595 355 1630 delet
380 1596 508 1631 Naber
646 1601 712 1631 977
728 1609 780 1641 sq.
808 1597 854 1641 μὴ
881 1595 963 1630 λίαν
989 1596 1099 1641 λόγου
1126 1595 1216 1641 μηδ’
1242 1597 1374 1637 ἐνδεῶς
1399 1597 1520 1641 τοῦδ’,
1548 1599 1679 1633 ἀπολέ-

156 1659 249 1682 σασα
275 1648 424 1693 Hennig
497 1653 564 1683 978
591 1648 679 1694 μηδ’
705 1650 836 1689 ἐνδεῶς
862 1649 909 1693 μὴ
936 1649 1038 1684 τοῦδ’
1063 1649 1228 1685 ἀπολέσω
1254 1650 1320 1695 τὴν
1347 1650 1455 1696 χάριν
1482 1652 1675 1696 England¹

157 1700 245 1745 μηδ’
270 1701 403 1741 ἐνδεῶς
428 1714 500 1736 που
527 1701 729 1747 ὃιολέσαιμι
748 1703 858 1747 Weil,
886 1701 973 1747 μηδ’
992 1702 1120 1746 ἐνδεής
1144 1716 1216 1737 που
1243 1703 1457 1748 φαυλίσαιμι
1488 1704 1634 1739 Tuoker

251 1758 316 1788 983
344 1754 416 1799 ἔχει
440 1768 475 1789 τι
500 1755 638 1790 Aldina
661 1758 664 1801 Ι
688 1756 759 1801 ἔχει
784 1755 978 1801 πρόσχημα
1005 1755 1139 1790 Canter
1225 1761 1292 1791 984
1319 1757 1470 1801 ὠφελῶν
1497 1757 1632 1792 Canter

160 1810 227 1841 988
255 1813 331 1847 σοῖς
355 1820 393 1841 τε
419 1808 627 1852 Markland,
655 1815 748 1843 σοῖσι
774 1809 962 1843 Hermann

251 1864 318 1894 990
345 1858 384 1894 εὖ
411 1860 451 1895 δὲ
477 1862 539 1895 καὶ
564 1861 655 1896 τέλει
682 1861 882 1905 Kirchhoff,
912 1860 951 1896 εὖ
978 1861 1018 1896 δὲ
1043 1868 1212 1907 πανταχῇ
1239 1862 1412 1908 England
1492 1868 1677 1898 992-995

160 1913 261 1947 delet
286 1912 497 1949 Zirndorfer
588 1918 655 1948 994
683 1914 824 1958 ἔξεισιν,
850 1916 980 1955 αἰδοῦς
1006 1915 1154 1958 Porson,
1180 1914 1269 1960 ἥξει,
1296 1914 1369 1961 δίχ’
1393 1916 1524 1956 αἰδοῦς
1548 1917 1586 1951 F.
1609 1917 1676 1952 Gn.

159 1965 328 2000 Schmidt
425 1970 492 2001 995
518 1965 540 2011 ἣ
568 1967 615 2011 μὴ
642 1968 830 2012 παρούσης
855 1968 1002 2011 Aldina,
1030 1968 1062 2002 εἰ
1087 1967 1121 2002 δ’
1146 1968 1168 2012 ἡ
1194 1974 1364 2012 παροῦσα
1390 1969 1553 2013 Elmsley
1577 1972 1580 2014 Ι
1603 1982 1679 2005 ver-

158 2030 238 2052 sum
267 2019 416 2053 delebat
442 2019 530 2054 olim
555 2020 715 2055 Dindorf
807 2026 873 2055 996
901 2021 1014 2066 σεμνὰ
1040 2021 1106 2065 μὲν
1132 2021 1326 2056 Kirchhoff
1413 2026 1478 2056 997
1508 2021 1597 2062 ὅλως
1623 2024 1678 2057 vel

157 2071 283 2116 potius
310 2070 446 2115 νόμους
470 2071 508 2106 F.
530 2071 596 2108 Gu.
619 2074 786 2108 Schmidt
808 2078 812 2118 Ι
836 2075 1022 2109 αἰτεῖσθαι
1048 2074 1256 2117 Markland,
1284 2074 1459 2109 ἅντεσθαι
1483 2075 1678 2120 Mnsgrave

254 2128 342 2158 1003
371 2124 416 2167 ἥν
436 2123 467 2158 τ’
484 2124 715 2166 ἀνικέτευτος
741 2123 784 2172 ᾗς
802 2127 896 2161 Voss
919 2129 923 2172 Ι
947 2125 1177 2166 ἀνικέτευτος
1203 2122 1248 2170 ἦν
1274 2126 1420 2170 Reiske,
1448 2127 1679 2168 ἀνικέτευτος

159 2173 249 2221 ἦσθ’
274 2177 486 2221 Markland,
513 2177 744 2218 ἀνικέτευτός
770 2178 839 2223 εἰμ’
864 2180 1036 2224 Hartung
1134 2183 1223 2213 1005
1250 2178 1343 2214 ὥσθ’
1369 2179 1408 2214 ἕν
1433 2180 1630 2215 Markland

158 2234 247 2264 1006
274 2229 387 2276 λέγων
413 2243 451 2265 σε
476 2231 615 2275 Bremi,
654 2230 768 2276 λέγων
800 2232 845 2276 δὴ
878 2232 1013 2274 Bothe,
1051 2230 1164 2276 λέγων
1190 2245 1229 2277 γε
1257 2233 1432 2277 Lenting,
1473 2232 1585 2279 λέγων
1611 2235 1676 2278 μὲν

157 2283 290 2326 Monk,
317 2281 430 2328 λέγων
456 2283 524 2329 γὰρ
551 2284 738 2329 Hartung,
764 2284 877 2330 λέγων
904 2297 959 2319 σοι
985 2285 1259 2319 Rauchenstein
1282 2287 1286 2330 Ι
1309 2286 1428 2330 μάτην
1455 2285 1487 2320 σ’
1512 2287 1676 2331 ἐγκερτο-

158 2343 235 2380 μῶν
262 2336 478 2379 Markland,
516 2336 635 2381 μάτην
661 2349 699 2372 σε
725 2344 910 2381 κερτομῶν
935 2338 972 2372 L.
995 2337 1155 2371 Dindorf
1185 2341 1188 2382 Ι
1221 2346 1473 2383 συγκερτομῶν
1501 2340 1616 2374 Bothe

162 2392 250 2423 1006
267 2401 318 2433 sq.
350 2391 472 2434 ψευδῆ
503 2389 618 2434 λέγων
645 2402 682 2425 σε
708 2391 793 2425 καὶ.
811 2421 816 2425 .
833 2391 880 2435 μὴ
907 2390 1064 2435 θάνοιμι.
1091 2390 1158 2435 σὴν
1184 2392 1305 2432 σώζων
1331 2390 1445 2436 κόρην
1470 2392 1614 2427 Dobree

159 2445 248 2476 1008
276 2449 432 2482 συνετῶς
456 2443 655 2486 Hermann,
683 2442 717 2477 δ’
742 2444 852 2483 αὐτὸς
877 2443 934 2478 vel
960 2444 1022 2478 καὶ
1047 2444 1090 2478 σὺ
1116 2444 1289 2488 England

253 2498 340 2528 1011
367 2496 489 2530 πειθὼ
516 2495 603 2539 μὲν.
626 2524 632 2531 .
658 2502 828 2540 φρονεῖνς
855 2496 985 2531 Vitelli
1031 2499 1035 2540 Ι
1081 2496 1186 2531 πεῖθ’
1211 2498 1263 2536 εἰς
1288 2496 1384 2532 τέκν’
1409 2496 1524 2538 αὖθις
1549 2499 1674 2534 Stadt-

156 2546 310 2581 mueller
349 2551 353 2592 Ι
393 2547 543 2583 πείθειν
569 2548 712 2594 ἀνάγκη
741 2547 773 2583 σ’
797 2549 917 2592 ἄνδρα
944 2549 981 2583 F.
1004 2549 1071 2583 Gu.
1094 2549 1261 2584 Schmidt
1301 2551 1304 2594 Ι
1344 2557 1472 2585 πεῖσον
1498 2555 1676 2595 μεταῦθις

156 2599 329 2645 England
359 2602 363 2644 Ι
397 2599 502 2636 πεῖθ’
526 2602 625 2645 ὠμὸν
651 2602 810 2636 Holzner
844 2603 848 2646 Ι
883 2602 995 2646 αὐτῆς
1020 2602 1134 2637 Monk
1252 2608 1340 2636 1012
1368 2602 1496 2649 κακός]
1523 2605 1675 2649 σκληρός

156 2652 194 2687 F.
216 2652 283 2687 Gu.
305 2653 489 2697 Schmidt,
526 2653 635 2694 κόπις
661 2654 925 2688 Stadtmueller
1040 2659 1129 2689 1013
1157 2656 1289 2700 ἀγανοὶ
1316 2654 1417 2701 λόγοι
1443 2656 1483 2690 δὲ
1523 2656 1675 2700 ,φίλους

156 2705 194 2739 F.
216 2705 283 2741 Gu.
305 2705 473 2741 Sohmjdb
493 2707 498 2752 Ι
520 2706 621 2752 λόγοι
647 2707 715 2752 γὰρ
742 2707 886 2741 Doboee
909 2708 913 2753 Ι
936 2706 1081 2753 λόγους]
1107 2708 1244 2748 κακούς
1264 2708 1461 2742 Markland
1524 2714 1614 2743 1014
1640 2710 1673 2744 τί

157 2756 197 2791 δὲ
223 2759 313 2803 χρεώ
341 2758 522 2804 Scaliger,
560 2759 596 2794 τί
627 2759 667 2794 δὲ
701 2761 817 2805 χρεών
842 2761 1029 2795 Hermann
1069 2763 1073 2803 Ι
1116 2766 1220 2806 χρῇς,
1247 2761 1421 2805 opinatus
1448 2762 1612 2797 codicem
1638 2765 1671 2798 L

156 2816 245 2855 χρῆς
269 2811 423 2855 habere,
450 2812 700 2847 VVilamowitz
783 2817 872 2847 1016
900 2813 1000 2848 delet
1027 2814 1290 2848 Stadtmueller
1365 2818 1453 2848 1017
1481 2815 1513 2849 εἰ
1538 2815 1605 2860 γὰρ
1632 2817 1672 2851 τὸ

156 2864 312 2908 χρηστὸν
336 2863 471 2899 πείσετ’
501 2865 712 2909 Blomfield,
747 2867 778 2901 εἰ
803 2866 871 2912 γὰρ
897 2866 938 2901 τὸ
964 2867 1120 2911 χρηστὸν
1146 2865 1290 2902 πείθετ’
1314 2867 1451 2911 Bothe,
1479 2869 1511 2902 εἰ
1537 2868 1605 2914 γὰρ
1632 2871 1671 2904 τὸ
