1941 3204
143 635 227 673 XO.

140 846 239 885 AH.

140 2392 215 2431 ΙΟ.

234 2638 302 2668 458
329 2634 422 2678 ἀνήρ
456 2635 487 2668 L
498 2635 533 2667 P

751 174 1040 206 HPAKAEIAA]

317 281 500 333 μάλιστα
534 277 573 321 δ’
610 280 873 333 Εὐρυσθεύς
905 296 954 334 με
987 279 1181 334 βούλοιτ’
1218 279 1271 321 ἂν
1304 281 1451 334 λαβὼν

317 352 394 392 τὸν
419 349 679 403 ἾΙράκλειον
712 351 940 405 σύμμαχον
974 353 1261 404 καθυβρίσαι·

317 422 465 470 σκαιὸς
496 422 578 475 γὰρ
612 421 732 475 ἁνήρ.
796 429 885 470 τοῖς
917 429 1074 474 σοφοῖς
1107 420 1145 462 δ’
1184 422 1338 463 εὐκτὸν
1371 424 1495 479 σοφῷ

317 493 483 545 ἔχθραν
515 493 775 544 συνάπτειν,
808 493 864 545 μὴ
899 492 1062 544 ἀμαθεῖ
1092 494 1359 546 φρονήματι·

316 565 478 615 πολλῆς
508 564 590 616 γὰρ
623 563 775 611 αἰδοῦς
807 561 877 603 καὶ
911 563 1032 615 δίκης
1064 578 1128 611 τις
1161 562 1214 603 ἂν
1246 564 1380 616 τύχοι.

316 629 348 673 ὦ
381 631 567 685 πρέσβυ,
601 634 658 686 μή
690 648 774 673 νυν
805 630 926 685 τήνδ’
967 632 1143 673 ἐπαιτιῶ
1176 634 1321 674 πόλιν·

316 701 406 756 τάχ’
446 701 500 742 ἂν
532 703 615 756 γὰρ
647 702 751 755 ἡμῖν
785 700 943 751 ψευδὲς
976 701 1069 743 ἀλλ’
1107 703 1222 756 ὅμως
1254 704 1388 744 κακὸν

315 770 473 826 γένοιτ’
512 773 682 821 ὄνειδος
715 773 772 821 ὡς
804 771 955 822 ξένους
987 774 1317 827 προυδώκαμεν.

320 850 499 897 γενναῖα
532 840 611 897 μὲν
643 841 736 885 τάδ’
775 840 916 896 εἶπας,
951 842 1043 885 ἀλλ’
1082 843 1291 898 ἀμήχανα.

318 914 370 955 οὐ
402 920 484 956 σοῦ
516 916 699 968 χατίζων
732 912 850 968 δεῦρ’
889 914 996 964 ἄναξ
1029 919 1328 968 στρατηλατεῖ·

317 986 362 1025 τί
389 985 471 1040 γὰρ
504 984 711 1038 γέροντος
743 984 905 1038 ἀνδρὸς
937 985 1169 1039 Εὐρυσθεῖ
1198 985 1333 1027 πλέον

314 1057 552 1106 θανόντος;
587 1055 694 1097 ἀλλὰ
727 1056 886 1097 τούσδε
920 1055 1124 1108 βούλεται
1156 1063 1343 1098 κτανεῖν.

316 1127 463 1167 δεινὸν
496 1127 577 1181 γὰρ
611 1126 788 1180 ἐχθροῖς
820 1126 1140 1179 βλαστάνοντες
1174 1126 1384 1181 εὐγενεῖς,

318 1199 485 1238 νεανίαι
517 1212 561 1238 τε
594 1195 665 1238 καὶ
697 1197 859 1251 πατρὸς
892 1196 1158 1250 μεμνημένοι

315 1268 473 1322 λύμης·
506 1266 532 1308 ἃ
563 1274 710 1308 κεῖνον
743 1266 884 1308 πάντα
916 1274 1184 1320 προσκοπεῖν
1217 1270 1371 1322 χρεών.

317 1335 426 1390 ἀλλ’,
460 1342 502 1379 εἴ
528 1335 610 1379 τιν’
648 1338 785 1391 ἄλλην
818 1334 951 1378 οἶσθα
983 1337 1272 1391 καιριωτέραν

315 1410 500 1462 βουλήν,
535 1406 739 1462 ἑτοίμαζ,
774 1408 832 1457 ὡς
864 1404 993 1461 ἔγωγ’
1030 1408 1251 1462 ἀμήχανος

315 1486 521 1533 χρησμῶν
554 1479 744 1528 ἀκούσας
775 1477 861 1532 εἰμὶ
893 1477 963 1519 καὶ
998 1480 1143 1532 φόβου
1176 1478 1329 1529 πλέως.

787 1620 1008 1653 MAKAPIA.

315 1683 449 1739 ξένοι,
482 1685 649 1737 θράσος
682 1701 755 1738 μοι
786 1683 924 1739 μηδὲν
957 1684 1125 1734 ἐξόδοις
1157 1685 1278 1739 ἐμαῖς

315 1760 554 1809 προσθῆτε·
587 1762 762 1809 πρῶτον
793 1756 875 1810 γὰρ
908 1754 1001 1797 τόδ’
1040 1755 1335 1811 ἐξαιτησομαι·

318 1825 492 1879 γυναικὶ
525 1827 606 1880 γὰρ
640 1828 740 1879 σιγή
773 1841 815 1866 τε
849 1825 920 1867 καὶ
952 1827 1000 1867 τὸ
1034 1834 1286 1882 σωφρονεῖν

317 1896 549 1938 κάλλιστον
582 1901 682 1938 εἵσω
715 1893 762 1937 θ’
800 1897 965 1951 ἥσυχον
998 1896 1146 1951 μένειν
1179 1898 1334 1952 δόμων.

315 1974 402 2008 τῶν
435 1974 525 2009 σῶν
558 1964 597 2008 δ’
634 1966 862 2021 ἀκούσασ’,
892 1964 1080 2020 Ἰόλεως,
1114 1970 1423 2023 στεναγμάτων

318 2037 524 2091 ἐξῆλθον,
558 2038 612 2080 οὐ
643 2043 854 2092 ταχθεῖσα
887 2040 1145 2092 πρεσβεύειν
1178 2039 1346 2093 γένους.

316 2106 409 2150 ἀλλ’
448 2107 534 2162 εἰμὶ
568 2109 650 2162 γάρ
682 2124 773 2158 πως
805 2111 1058 2163 πρόσφορος
1090 2109 1207 2164 μέλει
1240 2109 1275 2152 τ’
1315 2110 1409 2165 ἐμοὶ

317 2175 485 2232 μάλιστ’
523 2178 747 2232 ἀδελφῶν,
782 2181 919 2220 τῶνδε
952 2179 1173 2234 κάμαυτῆς
1204 2180 1302 2233 πέρι

316 2247 434 2290 θέλω
466 2248 714 2301 πυθέσθαι,
747 2250 803 2303 μὴ
833 2248 894 2290 ’πὶ
927 2257 1017 2298 τοῖς
1049 2251 1182 2291 πάλαι
1214 2258 1364 2300 κακοῖς

316 2321 633 2373 προσκείμενον
664 2335 704 2359 τι
737 2325 855 2373 πῆμα
888 2321 971 2372 σὴν
1005 2321 1153 2362 δάκνει
1188 2320 1339 2375 φρένα.

313 2386 346 2430 ὦ
379 2397 477 2442 παῖ,
509 2390 693 2443 μάλιστα
725 2388 766 2432 σ’
806 2390 858 2431 οὐ
890 2389 1045 2432 νεωστὶ
1079 2392 1132 2444 δὴ
1165 2391 1329 2433 τέκνων

319 2467 406 2501 τῶν
432 2458 701 2514 ἹΙρακλείων
734 2460 914 2510 ἐνδίκως
947 2463 1086 2502 αἰνεῖν
1120 2463 1214 2515 ἔχω.

1600 176 1645 214 21

1586 576 1655 605 460

1587 928 1655 957 465

1588 1281 1657 1311 470

1589 1768 1657 1798 475

1589 2122 1657 2151 480

1589 2474 1656 2503 4ὅὸ

649 2638 717 2668 459
751 2635 797 2679 μὴ
821 2633 953 2678 ’μαθεῐ
976 2637 1069 2679 LP,
1109 2637 1171 2670 sed
1199 2635 1239 2680 ’μ
1276 2635 1314 2669 in
1346 2647 1413 2670 ras.
1450 2647 1514 2670 scr.
1542 2636 1571 2677 1,
1610 2636 1656 2680 μὴ

141 2688 284 2732 ἀμαθεῖ
302 2700 330 2732 p
427 2691 493 2721 460
520 2687 639 2733 τύχοι]
665 2687 839 2731 ΕΙΙΠΞῙΘῩ,
866 2688 952 2732 τύχη
981 2689 1059 2723 LP
1153 2693 1218 2723 461
1247 2689 1294 2733 μὴ
1322 2694 1389 2723 νῦν
1409 2689 1486 2722 LP
1513 2696 1515 2732 Q
1543 2688 1653 2723 τῶνδ’

140 2740 374 2775 Valckenaer
471 2743 538 2773 402
566 2738 716 2786 ψευδὲς]
743 2740 885 2783 Nauck,
916 2744 1051 2784 ψεῦδος
1076 2742 1155 2778 LP
1237 2746 1303 2776 470
1331 2742 1456 2787 λύμης]
1484 2741 1656 2785 Elmsley,

141 2793 256 2836 λύμας
292 2793 370 2827 LP
488 2796 554 2826 47²3
582 2791 693 2837 βολήν
726 2794 760 2825 l'
877 2798 944 2827 475
972 2793 1157 2839 πρόσθητε
1192 2794 1269 2827 LP
1387 2798 1455 2828 476
1472 2807 1523 2837 sq.
1559 2795 1653 2829 delet

374 2849 441 2880 477
469 2844 529 2890 θ’]
556 2845 729 2889 Ehnsley,
757 2844 791 2878 δ’
816 2847 895 2880 LP
948 2851 1014 2881 480
1041 2846 1072 2881 τ’
1099 2847 1192 2892 ἐμοὶ]
1221 2846 1360 2891 scripsi.
1389 2847 1431 2881 δέ
1456 2860 1511 2891 μοι
1536 2848 1614 2882 LP

143 2902 210 2932 483
238 2903 344 2932 τοῦτο
372 2899 433 2932 καὶ
460 2897 540 2932 κατ’
572 2897 745 2942 ἐρώτησιν
772 2898 896 2942 ὀρθῶς
923 2899 993 2945 ἔχει,
1020 2900 1057 2934 in
1084 2911 1199 2944 marg.
1228 2912 1291 2933 scr.
1321 2901 1332 2933 l

142 2845 183 2879 R.
205 2844 311 2878 Prinz
