<?xml version="1.0" encoding="UTF-8"?>
<!DOCTYPE html PUBLIC "-//W3C//DTD XHTML 1.0 Transitional//EN"
    "http://www.w3.org/TR/xhtml1/DTD/xhtml1-transitional.dtd">
<html xmlns="http://www.w3.org/1999/xhtml" xml:lang="en" lang="en">
 <head>
  <title>
</title>
<meta http-equiv="Content-Type" content="text/html;charset=utf-8" />
  <meta name='ocr-system' content='tesseract 3.04.00' />
  <meta name='ocr-capabilities' content='ocr_page ocr_carea ocr_par ocr_line ocrx_word'/>
</head>
<body>
  <div class='ocr_page' id='page_1' title='image "./euripidisfabulae02euriuoft/euripidisfabulae02euriuoft_0358.png"; bbox 0 0 1967 3147; ppageno 0'>
   <div class='ocr_carea' id='block_1_1' title="bbox 285 107 1173 146">
    <p class='ocr_par' dir='ltr' id='par_1_1' title="bbox 285 107 1173 146">
     <span class='ocr_line' id='line_1_1' title="bbox 285 107 1173 146; baseline -0.008 0"><span class='ocrx_word' id='word_1_1' title='bbox 285 107 340 146; x_wconf 69' lang='lat'><em>48</em></span> <span class='ocrx_word' id='word_1_2' title='bbox 905 107 1173 140; x_wconf 68' lang='grc' dir='ltr'>ΕΥΡΙΠΙΔΟΥ</span> 
     </span>
    </p>
   </div>
   <div class='ocr_carea' id='block_1_2' title="bbox 458 211 1361 335">
    <p class='ocr_par' dir='ltr' id='par_1_2' title="bbox 458 211 1361 335">
     <span class='ocr_line' id='line_1_2' title="bbox 459 211 1308 268; baseline 0 -14"><span class='ocrx_word' id='word_1_3' title='bbox 459 215 625 267; x_wconf 89' lang='grc' dir='ltr'><em>δρόμον</em></span> <span class='ocrx_word' id='word_1_4' title='bbox 657 211 724 254; x_wconf 81' lang='grc' dir='ltr'><em>ἐπὶ</em></span> <span class='ocrx_word' id='word_1_5' title='bbox 756 214 916 267; x_wconf 90' lang='grc' dir='ltr'><em>φόνιον</em></span> <span class='ocrx_word' id='word_1_6' title='bbox 950 211 1131 254; x_wconf 90' lang='grc' dir='ltr'><em>ἀνόσιον</em></span> <span class='ocrx_word' id='word_1_7' title='bbox 1164 212 1308 268; x_wconf 75' lang='grc' dir='ltr'><em>ἐξάγῃ,</em></span> 
     </span>
     <span class='ocr_line' id='line_1_3' title="bbox 458 282 1361 335; baseline -0.001 -10"><span class='ocrx_word' id='word_1_8' title='bbox 458 285 565 325; x_wconf 76' lang='grc' dir='ltr'><em>κακὰ</em></span> <span class='ocrx_word' id='word_1_9' title='bbox 597 282 742 325; x_wconf 92' lang='grc' dir='ltr'><em>θέλων</em></span> <span class='ocrx_word' id='word_1_10' title='bbox 773 290 920 331; x_wconf 79' lang='grc' dir='ltr'><em>κακοῖς</em></span> <span class='ocrx_word' id='word_1_11' title='bbox 953 283 1165 335; x_wconf 86' lang='grc' dir='ltr'><em>συνάψαι,</em></span> <span class='ocrx_word' id='word_1_12' title='bbox 1196 282 1361 324; x_wconf 89' lang='grc' dir='ltr'><em>τέκνον.</em></span> 
     </span>
    </p>
   </div>
   <div class='ocr_carea' id='block_1_3' title="bbox 282 410 1794 2298">
    <p class='ocr_par' dir='ltr' id='par_1_3' title="bbox 282 410 1794 2298">
     <span class='ocr_line' id='line_1_4' title="bbox 287 410 1448 465; baseline -0.003 -10"><span class='ocrx_word' id='word_1_13' title='bbox 287 417 378 456; x_wconf 83' lang='grc' dir='ltr'><em>ΘΗ.</em></span> <span class='ocrx_word' id='word_1_14' title='bbox 462 410 568 454; x_wconf 82' lang='grc' dir='ltr'><em>εἷεν·</em></span> <span class='ocrx_word' id='word_1_15' title='bbox 601 410 648 454; x_wconf 74' lang='grc' dir='ltr'><em>σὲ</em></span> <span class='ocrx_word' id='word_1_16' title='bbox 678 412 755 453; x_wconf 88' lang='grc' dir='ltr'><em>τὸν</em></span> <span class='ocrx_word' id='word_1_17' title='bbox 787 412 1012 453; x_wconf 76' lang='grc' dir='ltr'>θάσσοντα</span> <span class='ocrx_word' id='word_1_18' title='bbox 1045 412 1288 464; x_wconf 77' lang='grc' dir='ltr'><em>δυστήνους</em></span> <span class='ocrx_word' id='word_1_19' title='bbox 1320 411 1448 465; x_wconf 76' lang='grc' dir='ltr'><em>ἔδρας</em></span> 
     </span>
     <span class='ocr_line' id='line_1_5' title="bbox 459 482 1791 536; baseline 0 -12"><span class='ocrx_word' id='word_1_20' title='bbox 459 484 592 536; x_wconf 87' lang='grc' dir='ltr'><em>αὐδῶ,</em></span> <span class='ocrx_word' id='word_1_21' title='bbox 625 485 822 535; x_wconf 77' lang='grc' dir='ltr'><em>φίλοισιν</em></span> <span class='ocrx_word' id='word_1_22' title='bbox 855 483 969 536; x_wconf 81' lang='grc' dir='ltr'><em>ὄμμα</em></span> <span class='ocrx_word' id='word_1_23' title='bbox 1003 483 1227 523; x_wconf 78' lang='grc' dir='ltr'><em>δεικνύναι</em></span> <span class='ocrx_word' id='word_1_24' title='bbox 1259 482 1306 523; x_wconf 92' lang='grc' dir='ltr'><em>τὸ</em></span> <span class='ocrx_word' id='word_1_25' title='bbox 1339 485 1430 525; x_wconf 89' lang='grc' dir='ltr'><em>σόν.</em></span> <span class='ocrx_word' id='word_1_26' title='bbox 1702 495 1791 525; x_wconf 80' lang='grc'>1215</span> 
     </span>
     <span class='ocr_line' id='line_1_6' title="bbox 459 549 1487 607; baseline -0.001 -12"><span class='ocrx_word' id='word_1_27' title='bbox 459 553 604 602; x_wconf 82' lang='grc' dir='ltr'><em>οὐδεὶς</em></span> <span class='ocrx_word' id='word_1_28' title='bbox 636 555 788 601; x_wconf 79' lang='grc' dir='ltr'><em>σκότος</em></span> <span class='ocrx_word' id='word_1_29' title='bbox 820 552 902 607; x_wconf 83' lang='grc' dir='ltr'><em>γὰρ</em></span> <span class='ocrx_word' id='word_1_30' title='bbox 936 549 1013 593; x_wconf 81' lang='grc' dir='ltr'><em>ὧδ’</em></span> <span class='ocrx_word' id='word_1_31' title='bbox 1049 554 1135 607; x_wconf 78' lang='grc' dir='ltr'><em>ἔχει</em></span> <span class='ocrx_word' id='word_1_32' title='bbox 1167 551 1303 605; x_wconf 81' lang='grc' dir='ltr'><em>μέλαν</em></span> <span class='ocrx_word' id='word_1_33' title='bbox 1335 552 1487 607; x_wconf 89' lang='grc' dir='ltr'><em>νέφος,</em></span> 
     </span>
     <span class='ocr_line' id='line_1_7' title="bbox 459 623 1475 677; baseline -0.001 -12"><span class='ocrx_word' id='word_1_34' title='bbox 459 625 576 673; x_wconf 83' lang='grc' dir='ltr'><em>ὅστις</em></span> <span class='ocrx_word' id='word_1_35' title='bbox 607 631 750 664; x_wconf 92' lang='grc' dir='ltr'><em>κακῶν</em></span> <span class='ocrx_word' id='word_1_36' title='bbox 783 630 873 664; x_wconf 86' lang='grc' dir='ltr'><em>σῶν</em></span> <span class='ocrx_word' id='word_1_37' title='bbox 906 624 1140 676; x_wconf 83' lang='grc' dir='ltr'><em>συμφορὰν</em></span> <span class='ocrx_word' id='word_1_38' title='bbox 1172 623 1378 677; x_wconf 78' lang='grc' dir='ltr'><em>κρύψειεν</em></span> <span class='ocrx_word' id='word_1_39' title='bbox 1411 624 1475 664; x_wconf 81' lang='grc' dir='ltr'><em>ἄν.</em></span> 
     </span>
     <span class='ocr_line' id='line_1_8' title="bbox 457 695 1474 749; baseline -0.002 -13"><span class='ocrx_word' id='word_1_40' title='bbox 457 697 502 737; x_wconf 92' lang='grc' dir='ltr'><em>τί</em></span> <span class='ocrx_word' id='word_1_41' title='bbox 531 710 602 749; x_wconf 88' lang='grc' dir='ltr'><em>μοι</em></span> <span class='ocrx_word' id='word_1_42' title='bbox 634 696 852 748; x_wconf 78' lang='grc' dir='ltr'><em>προσείων</em></span> <span class='ocrx_word' id='word_1_43' title='bbox 885 701 1006 747; x_wconf 78' lang='grc' dir='ltr'><em>χεῖρα</em></span> <span class='ocrx_word' id='word_1_44' title='bbox 1039 695 1262 747; x_wconf 74' lang='grc' dir='ltr'><em>σημαίνεις</em></span> <span class='ocrx_word' id='word_1_45' title='bbox 1295 701 1474 748; x_wconf 80' lang='grc' dir='ltr'><em>φυγεϊν;</em></span> 
     </span>
     <span class='ocr_line' id='line_1_9' title="bbox 458 763 1554 818; baseline -0.001 -12"><span class='ocrx_word' id='word_1_46' title='bbox 458 766 515 814; x_wconf 86' lang='grc' dir='ltr'><em>ὡς</em></span> <span class='ocrx_word' id='word_1_47' title='bbox 547 766 603 818; x_wconf 85' lang='grc' dir='ltr'><em>μὴ</em></span> <span class='ocrx_word' id='word_1_48' title='bbox 637 765 774 818; x_wconf 86' lang='grc' dir='ltr'><em>μύσος</em></span> <span class='ocrx_word' id='word_1_49' title='bbox 805 779 855 818; x_wconf 87' lang='grc' dir='ltr'><em>με</em></span> <span class='ocrx_word' id='word_1_50' title='bbox 889 771 978 804; x_wconf 88' lang='grc' dir='ltr'><em>σῶν</em></span> <span class='ocrx_word' id='word_1_51' title='bbox 1011 763 1120 818; x_wconf 78' lang='grc' dir='ltr'><em>βάλῃ</em></span> <span class='ocrx_word' id='word_1_52' title='bbox 1152 765 1554 818; x_wconf 88' lang='grc' dir='ltr'><em>προσφθεγμάτων;</em></span> 
     </span>
     <span class='ocr_line' id='line_1_10' title="bbox 460 832 1794 889; baseline -0.001 -12"><span class='ocrx_word' id='word_1_53' title='bbox 460 834 592 877; x_wconf 74' lang='grc' dir='ltr'><em>οὐδὲν</em></span> <span class='ocrx_word' id='word_1_54' title='bbox 624 834 742 889; x_wconf 88' lang='grc' dir='ltr'><em>μέλει</em></span> <span class='ocrx_word' id='word_1_55' title='bbox 774 850 847 888; x_wconf 88' lang='grc' dir='ltr'><em>μοι</em></span> <span class='ocrx_word' id='word_1_56' title='bbox 880 835 962 875; x_wconf 86' lang='grc' dir='ltr'><em>σύν</em></span> <span class='ocrx_word' id='word_1_57' title='bbox 993 850 1041 887; x_wconf 88' lang='grc' dir='ltr'><em>γε</em></span> <span class='ocrx_word' id='word_1_58' title='bbox 1074 832 1145 874; x_wconf 78' lang='grc' dir='ltr'><em>σοὶ</em></span> <span class='ocrx_word' id='word_1_59' title='bbox 1177 834 1388 888; x_wconf 76' lang='grc' dir='ltr'><em>πράσσειν</em></span> <span class='ocrx_word' id='word_1_60' title='bbox 1419 842 1576 884; x_wconf 84' lang='grc' dir='ltr'><em>κακῶς·</em></span> <span class='ocrx_word' id='word_1_61' title='bbox 1705 847 1794 876; x_wconf 90' lang='grc'>1220</span> 
     </span>
     <span class='ocr_line' id='line_1_11' title="bbox 458 900 1469 959; baseline 0 -12"><span class='ocrx_word' id='word_1_62' title='bbox 458 904 527 947; x_wconf 87' lang='grc' dir='ltr'><em>καὶ</em></span> <span class='ocrx_word' id='word_1_63' title='bbox 560 908 641 959; x_wconf 90' lang='grc' dir='ltr'><em>γάρ</em></span> <span class='ocrx_word' id='word_1_64' title='bbox 674 900 768 945; x_wconf 83' lang='grc' dir='ltr'><em>ποτ’</em></span> <span class='ocrx_word' id='word_1_65' title='bbox 805 901 1029 958; x_wconf 84' lang='grc' dir='ltr'><em>ηὐτύχησ’·</em></span> <span class='ocrx_word' id='word_1_66' title='bbox 1063 901 1189 944; x_wconf 79' lang='grc' dir='ltr'><em>ἐκεῖσ’</em></span> <span class='ocrx_word' id='word_1_67' title='bbox 1228 904 1469 958; x_wconf 78' lang='grc' dir='ltr'><em>ἀνοιστέον,</em></span> 
     </span>
     <span class='ocr_line' id='line_1_12' title="bbox 460 972 1420 1029; baseline -0.001 -11"><span class='ocrx_word' id='word_1_68' title='bbox 460 974 521 1018; x_wconf 81' lang='grc' dir='ltr'><em>ὅτ’</em></span> <span class='ocrx_word' id='word_1_69' title='bbox 559 974 768 1026; x_wconf 80' lang='grc' dir='ltr'><em>ἐξέσωσάς</em></span> <span class='ocrx_word' id='word_1_70' title='bbox 800 972 842 1029; x_wconf 90' lang='grc' dir='ltr'><em>μ’</em></span> <span class='ocrx_word' id='word_1_71' title='bbox 881 974 922 1023; x_wconf 81' lang='grc' dir='ltr'><em>ἐς</em></span> <span class='ocrx_word' id='word_1_72' title='bbox 954 974 1065 1028; x_wconf 88' lang='grc' dir='ltr'><em>φάος</em></span> <span class='ocrx_word' id='word_1_73' title='bbox 1096 981 1263 1028; x_wconf 80' lang='grc' dir='ltr'><em>νεκρῶν</em></span> <span class='ocrx_word' id='word_1_74' title='bbox 1294 975 1420 1029; x_wconf 89' lang='grc' dir='ltr'><em>πάρα.</em></span> 
     </span>
     <span class='ocr_line' id='line_1_13' title="bbox 460 1043 1407 1101; baseline -0.001 -14"><span class='ocrx_word' id='word_1_75' title='bbox 460 1047 587 1101; x_wconf 90' lang='grc' dir='ltr'><em>χάριν</em></span> <span class='ocrx_word' id='word_1_76' title='bbox 620 1043 666 1086; x_wconf 72' lang='grc' dir='ltr'><em>δὲ</em></span> <span class='ocrx_word' id='word_1_77' title='bbox 698 1045 1006 1099; x_wconf 76' lang='grc' dir='ltr'><em>γηράσκουσαν</em></span> <span class='ocrx_word' id='word_1_78' title='bbox 1039 1044 1230 1099; x_wconf 81' lang='grc' dir='ltr'><em>ἐχθαίρω</em></span> <span class='ocrx_word' id='word_1_79' title='bbox 1265 1047 1407 1099; x_wconf 88' lang='grc' dir='ltr'><em>φίλων</em></span> 
     </span>
     <span class='ocr_line' id='line_1_14' title="bbox 458 1113 1525 1169; baseline -0.001 -11"><span class='ocrx_word' id='word_1_80' title='bbox 458 1116 530 1158; x_wconf 84' lang='grc' dir='ltr'><em>καὶ</em></span> <span class='ocrx_word' id='word_1_81' title='bbox 562 1124 648 1157; x_wconf 88' lang='grc' dir='ltr'><em>τῶν</em></span> <span class='ocrx_word' id='word_1_82' title='bbox 680 1119 825 1157; x_wconf 87' lang='grc' dir='ltr'><em>καλῶν</em></span> <span class='ocrx_word' id='word_1_83' title='bbox 857 1113 936 1169; x_wconf 74' lang='grc' dir='ltr'><em>μὲν</em></span> <span class='ocrx_word' id='word_1_84' title='bbox 969 1115 1086 1164; x_wconf 82' lang='grc' dir='ltr'><em>ὅστις</em></span> <span class='ocrx_word' id='word_1_85' title='bbox 1118 1115 1356 1156; x_wconf 80' lang='grc' dir='ltr'><em>ἀπολαύειν</em></span> <span class='ocrx_word' id='word_1_86' title='bbox 1387 1115 1525 1169; x_wconf 83' lang='grc' dir='ltr'><em>θέλει,</em></span> 
     </span>
     <span class='ocr_line' id='line_1_15' title="bbox 459 1184 1792 1241; baseline 0 -13"><span class='ocrx_word' id='word_1_87' title='bbox 459 1190 671 1241; x_wconf 78' lang='grc' dir='ltr'><em>συμπλεῖν</em></span> <span class='ocrx_word' id='word_1_88' title='bbox 705 1184 751 1227; x_wconf 73' lang='grc' dir='ltr'><em>δὲ</em></span> <span class='ocrx_word' id='word_1_89' title='bbox 783 1193 874 1234; x_wconf 83' lang='grc' dir='ltr'><em>τοῖς</em></span> <span class='ocrx_word' id='word_1_90' title='bbox 907 1187 1076 1238; x_wconf 90' lang='grc' dir='ltr'><em>φίλοισι</em></span> <span class='ocrx_word' id='word_1_91' title='bbox 1110 1186 1403 1241; x_wconf 78' lang='grc' dir='ltr'><em>δυστυχοῦσιν</em></span> <span class='ocrx_word' id='word_1_92' title='bbox 1434 1187 1500 1227; x_wconf 78' lang='grc' dir='ltr'><em>οὔ.</em></span> <span class='ocrx_word' id='word_1_93' title='bbox 1705 1199 1792 1228; x_wconf 79' lang='grc'>1225</span> 
     </span>
     <span class='ocr_line' id='line_1_16' title="bbox 459 1255 1303 1311; baseline -0.004 -12"><span class='ocrx_word' id='word_1_94' title='bbox 459 1255 673 1307; x_wconf 76' lang='grc' dir='ltr'><em>ἀνίστασ’,</em></span> <span class='ocrx_word' id='word_1_95' title='bbox 708 1256 954 1305; x_wconf 78' lang='grc' dir='ltr'><em>ἐκκάλυψον</em></span> <span class='ocrx_word' id='word_1_96' title='bbox 987 1257 1147 1296; x_wconf 79' lang='grc' dir='ltr'><em>ἄθλιον</em></span> <span class='ocrx_word' id='word_1_97' title='bbox 1179 1256 1303 1311; x_wconf 89' lang='grc' dir='ltr'><em>κάρα,</em></span> 
     </span>
     <span class='ocr_line' id='line_1_17' title="bbox 459 1326 1522 1382; baseline -0.001 -13"><span class='ocrx_word' id='word_1_98' title='bbox 459 1328 622 1382; x_wconf 76' lang='grc' dir='ltr'><em>βλέψον</em></span> <span class='ocrx_word' id='word_1_99' title='bbox 655 1328 762 1381; x_wconf 82' lang='grc' dir='ltr'><em>πρὸς</em></span> <span class='ocrx_word' id='word_1_100' title='bbox 794 1327 914 1381; x_wconf 77' lang='grc' dir='ltr'><em>ἡμᾶς.</em></span> <span class='ocrx_word' id='word_1_101' title='bbox 977 1327 1093 1375; x_wconf 82' lang='grc' dir='ltr'><em>ὅστις</em></span> <span class='ocrx_word' id='word_1_102' title='bbox 1125 1326 1306 1380; x_wconf 87' lang='grc' dir='ltr'><em>εὐγενὴς</em></span> <span class='ocrx_word' id='word_1_103' title='bbox 1337 1330 1522 1381; x_wconf 85' lang='grc' dir='ltr'><em>βροτῶν,</em></span> 
     </span>
     <span class='ocr_line' id='line_1_18' title="bbox 459 1395 1558 1452; baseline -0.001 -12"><span class='ocrx_word' id='word_1_104' title='bbox 459 1398 582 1452; x_wconf 85' lang='grc' dir='ltr'><em>φέρει</em></span> <span class='ocrx_word' id='word_1_105' title='bbox 614 1398 664 1438; x_wconf 79' lang='grc' dir='ltr'><em>τὰ</em></span> <span class='ocrx_word' id='word_1_106' title='bbox 696 1405 783 1438; x_wconf 88' lang='grc' dir='ltr'><em>τῶν</em></span> <span class='ocrx_word' id='word_1_107' title='bbox 814 1401 935 1438; x_wconf 90' lang='grc' dir='ltr'><em>θεῶν</em></span> <span class='ocrx_word' id='word_1_108' title='bbox 966 1395 1156 1450; x_wconf 84' lang='grc' dir='ltr'><em>πτώματ’</em></span> <span class='ocrx_word' id='word_1_109' title='bbox 1195 1395 1288 1438; x_wconf 87' lang='grc' dir='ltr'><em>οὐδ’</em></span> <span class='ocrx_word' id='word_1_110' title='bbox 1327 1397 1558 1439; x_wconf 85' lang='grc' dir='ltr'><em>ἀναίνεται.</em></span> 
     </span>
     <span class='ocr_line' id='line_1_19' title="bbox 283 1465 1552 1522; baseline -0.001 -12"><span class='ocrx_word' id='word_1_111' title='bbox 283 1472 372 1510; x_wconf 85' lang='grc' dir='ltr'><em>ΗΡ.</em></span> <span class='ocrx_word' id='word_1_112' title='bbox 460 1472 617 1522; x_wconf 81' lang='grc' dir='ltr'><em>Θησεῦ,</em></span> <span class='ocrx_word' id='word_1_113' title='bbox 653 1469 862 1522; x_wconf 77' lang='grc' dir='ltr'><em>δέδορκας</em></span> <span class='ocrx_word' id='word_1_114' title='bbox 894 1465 1015 1508; x_wconf 79' lang='grc' dir='ltr'><em>τόνδ’</em></span> <span class='ocrx_word' id='word_1_115' title='bbox 1053 1465 1186 1520; x_wconf 84' lang='grc' dir='ltr'><em>ἀγῶν’</em></span> <span class='ocrx_word' id='word_1_116' title='bbox 1224 1467 1338 1521; x_wconf 84' lang='grc' dir='ltr'><em>ἐμῶν</em></span> <span class='ocrx_word' id='word_1_117' title='bbox 1369 1467 1552 1518; x_wconf 86' lang='grc' dir='ltr'><em>τέκνων;</em></span> 
     </span>
     <span class='ocr_line' id='line_1_20' title="bbox 284 1538 1792 1593; baseline 0 -13"><span class='ocrx_word' id='word_1_118' title='bbox 284 1542 377 1580; x_wconf 83' lang='grc' dir='ltr'><em>ΘΗ.</em></span> <span class='ocrx_word' id='word_1_119' title='bbox 457 1540 637 1593; x_wconf 79' lang='grc' dir='ltr'><em>ἤκουσα,</em></span> <span class='ocrx_word' id='word_1_120' title='bbox 669 1540 737 1580; x_wconf 86' lang='grc' dir='ltr'><em>καὶ</em></span> <span class='ocrx_word' id='word_1_121' title='bbox 770 1538 974 1592; x_wconf 87' lang='grc' dir='ltr'><em>βλέποντι</em></span> <span class='ocrx_word' id='word_1_122' title='bbox 1007 1539 1232 1591; x_wconf 87' lang='grc' dir='ltr'><em>σημαίνεις</em></span> <span class='ocrx_word' id='word_1_123' title='bbox 1262 1538 1382 1579; x_wconf 84' lang='grc' dir='ltr'><em>κακά.</em></span> <span class='ocrx_word' id='word_1_124' title='bbox 1703 1550 1792 1580; x_wconf 89' lang='grc'>1230</span> 
     </span>
     <span class='ocr_line' id='line_1_21' title="bbox 282 1606 1377 1664; baseline -0.001 -13"><span class='ocrx_word' id='word_1_125' title='bbox 282 1612 372 1651; x_wconf 88' lang='lat' dir='ltr'><em>HP.</em></span> <span class='ocrx_word' id='word_1_126' title='bbox 458 1612 502 1650; x_wconf 90' lang='grc' dir='ltr'><em>τί</em></span> <span class='ocrx_word' id='word_1_127' title='bbox 531 1610 637 1662; x_wconf 78' lang='grc' dir='ltr'><em>δῆτά</em></span> <span class='ocrx_word' id='word_1_128' title='bbox 670 1625 754 1662; x_wconf 91' lang='grc' dir='ltr'><em>μου</em></span> <span class='ocrx_word' id='word_1_129' title='bbox 786 1606 904 1662; x_wconf 82' lang='grc' dir='ltr'><em>κρᾶτ’</em></span> <span class='ocrx_word' id='word_1_130' title='bbox 944 1608 1219 1657; x_wconf 77' lang='grc' dir='ltr'><em>ἀνεκάλυψας</em></span> <span class='ocrx_word' id='word_1_131' title='bbox 1249 1607 1377 1664; x_wconf 73' lang='grc' dir='ltr'><em>ἡλίῳς</em></span> 
     </span>
     <span class='ocr_line' id='line_1_22' title="bbox 284 1678 1539 1733; baseline 0.001 -13"><span class='ocrx_word' id='word_1_132' title='bbox 284 1683 376 1721; x_wconf 59' lang='lat' dir='ltr'><em>(vll.</em></span> <span class='ocrx_word' id='word_1_133' title='bbox 455 1682 500 1720; x_wconf 90' lang='grc' dir='ltr'><em>τί</em></span> <span class='ocrx_word' id='word_1_134' title='bbox 529 1678 586 1729; x_wconf 88' lang='grc' dir='ltr'><em>δ’;</em></span> <span class='ocrx_word' id='word_1_135' title='bbox 621 1680 672 1720; x_wconf 87' lang='grc' dir='ltr'><em>οὐ</em></span> <span class='ocrx_word' id='word_1_136' title='bbox 704 1681 889 1733; x_wconf 85' lang='grc' dir='ltr'><em>μιαίνεις</em></span> <span class='ocrx_word' id='word_1_137' title='bbox 920 1680 1083 1732; x_wconf 87' lang='grc' dir='ltr'><em>θνητὸς</em></span> <span class='ocrx_word' id='word_1_138' title='bbox 1116 1679 1177 1719; x_wconf 82' lang='grc' dir='ltr'><em>ὢν</em></span> <span class='ocrx_word' id='word_1_139' title='bbox 1208 1679 1258 1719; x_wconf 83' lang='grc' dir='ltr'><em>τὰ</em></span> <span class='ocrx_word' id='word_1_140' title='bbox 1292 1687 1378 1720; x_wconf 89' lang='grc' dir='ltr'><em>τῶν</em></span> <span class='ocrx_word' id='word_1_141' title='bbox 1411 1684 1539 1721; x_wconf 85' lang='grc' dir='ltr'><em>θεῶν.</em></span> 
     </span>
     <span class='ocr_line' id='line_1_23' title="bbox 283 1747 1503 1804; baseline 0 -13"><span class='ocrx_word' id='word_1_142' title='bbox 283 1754 372 1791; x_wconf 88' lang='lat' dir='ltr'><em>HP.</em></span> <span class='ocrx_word' id='word_1_143' title='bbox 460 1748 603 1804; x_wconf 69' lang='grc' dir='ltr'><em>φεῦγ’,</em></span> <span class='ocrx_word' id='word_1_144' title='bbox 637 1747 669 1791; x_wconf 83' lang='grc' dir='ltr'><em>ὦ</em></span> <span class='ocrx_word' id='word_1_145' title='bbox 702 1747 956 1803; x_wconf 81' lang='grc' dir='ltr'><em>ταλαίπωρ’,</em></span> <span class='ocrx_word' id='word_1_146' title='bbox 990 1749 1171 1790; x_wconf 87' lang='grc' dir='ltr'><em>ἀνόσιον</em></span> <span class='ocrx_word' id='word_1_147' title='bbox 1202 1748 1351 1803; x_wconf 86' lang='grc' dir='ltr'><em>μίασμ’</em></span> <span class='ocrx_word' id='word_1_148' title='bbox 1389 1749 1503 1804; x_wconf 84' lang='grc' dir='ltr'><em>ἐμόν.</em></span> 
     </span>
     <span class='ocr_line' id='line_1_24' title="bbox 284 1819 1510 1874; baseline 0.001 -13"><span class='ocrx_word' id='word_1_149' title='bbox 284 1824 376 1862; x_wconf 82' lang='grc' dir='ltr'><em>ΘΗ.</em></span> <span class='ocrx_word' id='word_1_150' title='bbox 457 1819 601 1869; x_wconf 78' lang='grc' dir='ltr'><em>οὐδεὶς</em></span> <span class='ocrx_word' id='word_1_151' title='bbox 632 1821 831 1874; x_wconf 77' lang='grc' dir='ltr'><em>ἀλάστωρ</em></span> <span class='ocrx_word' id='word_1_152' title='bbox 863 1828 952 1868; x_wconf 76' lang='grc' dir='ltr'><em>τοῖς</em></span> <span class='ocrx_word' id='word_1_153' title='bbox 984 1822 1128 1874; x_wconf 85' lang='grc' dir='ltr'><em>φίλοις</em></span> <span class='ocrx_word' id='word_1_154' title='bbox 1161 1820 1205 1861; x_wconf 81' lang='grc' dir='ltr'><em>ἐκ</em></span> <span class='ocrx_word' id='word_1_155' title='bbox 1237 1827 1325 1861; x_wconf 92' lang='grc' dir='ltr'><em>τῶν</em></span> <span class='ocrx_word' id='word_1_156' title='bbox 1358 1823 1510 1873; x_wconf 88' lang='grc' dir='ltr'><em>φίλων.</em></span> 
     </span>
     <span class='ocr_line' id='line_1_25' title="bbox 283 1888 1792 1946; baseline 0.001 -14"><span class='ocrx_word' id='word_1_157' title='bbox 283 1894 372 1932; x_wconf 85' lang='grc' dir='ltr'><em>ΗΡ.</em></span> <span class='ocrx_word' id='word_1_158' title='bbox 459 1889 646 1946; x_wconf 38' lang='grc' dir='ltr'><em>ε’πῄνεσ*</em></span> <span class='ocrx_word' id='word_1_159' title='bbox 681 1888 729 1932; x_wconf 78' lang='grc' dir='ltr'><em>εὖ</em></span> <span class='ocrx_word' id='word_1_160' title='bbox 763 1892 925 1945; x_wconf 90' lang='grc' dir='ltr'><em>δράσας</em></span> <span class='ocrx_word' id='word_1_161' title='bbox 959 1890 1009 1931; x_wconf 87' lang='grc' dir='ltr'><em>δέ</em></span> <span class='ocrx_word' id='word_1_162' title='bbox 1038 1889 1076 1931; x_wconf 84' lang='grc' dir='ltr'><em>σ’</em></span> <span class='ocrx_word' id='word_1_163' title='bbox 1114 1891 1190 1932; x_wconf 82' lang='grc' dir='ltr'><em>οὐκ</em></span> <span class='ocrx_word' id='word_1_164' title='bbox 1223 1890 1467 1944; x_wconf 88' lang='grc' dir='ltr'><em>ἀναίνομαι.</em></span> <span class='ocrx_word' id='word_1_165' title='bbox 1705 1904 1792 1933; x_wconf 80' lang='grc'>1235</span> 
     </span>
     <span class='ocr_line' id='line_1_26' title="bbox 284 1958 1473 2015; baseline 0 -13"><span class='ocrx_word' id='word_1_166' title='bbox 284 1965 377 2003; x_wconf 78' lang='grc' dir='ltr'><em>ΘΗ.</em></span> <span class='ocrx_word' id='word_1_167' title='bbox 458 1963 539 2014; x_wconf 72' lang='grc' dir='ltr'><em>ἐγὼ</em></span> <span class='ocrx_word' id='word_1_168' title='bbox 575 1960 621 2003; x_wconf 70' lang='grc' dir='ltr'><em>δὲ</em></span> <span class='ocrx_word' id='word_1_169' title='bbox 654 1962 832 2015; x_wconf 88' lang='grc' dir='ltr'><em>πάσχων</em></span> <span class='ocrx_word' id='word_1_170' title='bbox 866 1958 913 2002; x_wconf 83' lang='grc' dir='ltr'><em>εὖ</em></span> <span class='ocrx_word' id='word_1_171' title='bbox 946 1959 1031 2002; x_wconf 78' lang='grc' dir='ltr'><em>τότ’</em></span> <span class='ocrx_word' id='word_1_172' title='bbox 1071 1962 1267 2015; x_wconf 76' lang='grc' dir='ltr'><em>οἰκτείρω</em></span> <span class='ocrx_word' id='word_1_173' title='bbox 1301 1972 1347 2002; x_wconf 89' lang='grc' dir='ltr'><em>σε</em></span> <span class='ocrx_word' id='word_1_174' title='bbox 1380 1968 1473 2003; x_wconf 87' lang='grc' dir='ltr'><em>νῦν.</em></span> 
     </span>
     <span class='ocr_line' id='line_1_27' title="bbox 285 2029 1455 2087; baseline 0 -14"><span class='ocrx_word' id='word_1_175' title='bbox 285 2036 375 2073; x_wconf 87' lang='grc' dir='ltr'><em>ΗΡ.</em></span> <span class='ocrx_word' id='word_1_176' title='bbox 456 2034 627 2087; x_wconf 76' lang='grc' dir='ltr'><em>οἰκτρὸς</em></span> <span class='ocrx_word' id='word_1_177' title='bbox 659 2033 740 2085; x_wconf 89' lang='grc' dir='ltr'><em>γάρ</em></span> <span class='ocrx_word' id='word_1_178' title='bbox 774 2033 859 2086; x_wconf 77' lang='grc' dir='ltr'><em>εἰμι</em></span> <span class='ocrx_word' id='word_1_179' title='bbox 892 2029 987 2085; x_wconf 74' lang='grc' dir='ltr'><em>τᾶμ’</em></span> <span class='ocrx_word' id='word_1_180' title='bbox 1026 2031 1282 2080; x_wconf 84' lang='grc' dir='ltr'><em>ἀποκτείνας</em></span> <span class='ocrx_word' id='word_1_181' title='bbox 1314 2031 1455 2073; x_wconf 80' lang='grc' dir='ltr'><em>τέκνα.</em></span> 
     </span>
     <span class='ocr_line' id='line_1_28' title="bbox 286 2100 1482 2158; baseline -0.002 -14"><span class='ocrx_word' id='word_1_182' title='bbox 286 2106 378 2144; x_wconf 71' lang='grc' dir='ltr'><em>ΘΙΙ.</em></span> <span class='ocrx_word' id='word_1_183' title='bbox 458 2105 591 2144; x_wconf 88' lang='grc' dir='ltr'><em>κλαίω</em></span> <span class='ocrx_word' id='word_1_184' title='bbox 624 2104 749 2158; x_wconf 89' lang='grc' dir='ltr'><em>χάριν</em></span> <span class='ocrx_word' id='word_1_185' title='bbox 783 2104 864 2156; x_wconf 85' lang='grc' dir='ltr'><em>σὴν</em></span> <span class='ocrx_word' id='word_1_186' title='bbox 898 2100 966 2156; x_wconf 80' lang='grc' dir='ltr'><em>ἐφ’</em></span> <span class='ocrx_word' id='word_1_187' title='bbox 1004 2100 1189 2155; x_wconf 77' lang='grc' dir='ltr'><em>ἑτέραισι</em></span> <span class='ocrx_word' id='word_1_188' title='bbox 1224 2111 1482 2156; x_wconf 80' lang='grc' dir='ltr'><em>συμφοραῖς.</em></span> 
     </span>
     <span class='ocr_line' id='line_1_29' title="bbox 283 2170 1457 2226; baseline 0 -12"><span class='ocrx_word' id='word_1_189' title='bbox 283 2177 373 2214; x_wconf 74' lang='grc' dir='ltr'><em>ΙΙΡ.</em></span> <span class='ocrx_word' id='word_1_190' title='bbox 458 2170 588 2226; x_wconf 64' lang='grc' dir='ltr'><em>ἠὗρες</em></span> <span class='ocrx_word' id='word_1_191' title='bbox 621 2173 671 2214; x_wconf 87' lang='grc' dir='ltr'><em>δέ</em></span> <span class='ocrx_word' id='word_1_192' title='bbox 700 2172 739 2226; x_wconf 81' lang='grc' dir='ltr'><em>γ’</em></span> <span class='ocrx_word' id='word_1_193' title='bbox 777 2174 935 2221; x_wconf 79' lang='grc' dir='ltr'><em>ἄλλους</em></span> <span class='ocrx_word' id='word_1_194' title='bbox 968 2172 1014 2213; x_wconf 82' lang='grc' dir='ltr'><em>ἐν</em></span> <span class='ocrx_word' id='word_1_195' title='bbox 1047 2179 1215 2213; x_wconf 77' lang='grc' dir='ltr'><em>κακοῖσι</em></span> <span class='ocrx_word' id='word_1_196' title='bbox 1249 2175 1457 2226; x_wconf 79' lang='grc' dir='ltr'><em>μείζοσιν;</em></span> 
     </span>
     <span class='ocr_line' id='line_1_30' title="bbox 285 2242 1792 2298; baseline 0 -14"><span class='ocrx_word' id='word_1_197' title='bbox 285 2247 377 2285; x_wconf 79' lang='grc' dir='ltr'><em>ΘΗ.</em></span> <span class='ocrx_word' id='word_1_198' title='bbox 464 2244 573 2298; x_wconf 73' lang='grc' dir='ltr'><em>ἅπτῃ</em></span> <span class='ocrx_word' id='word_1_199' title='bbox 606 2244 806 2285; x_wconf 83' lang='grc' dir='ltr'><em>κάτωθεν</em></span> <span class='ocrx_word' id='word_1_200' title='bbox 839 2243 1033 2297; x_wconf 88' lang='grc' dir='ltr'><em>οὐρανοῦ</em></span> <span class='ocrx_word' id='word_1_201' title='bbox 1067 2242 1318 2298; x_wconf 76' lang='grc' dir='ltr'><em>δυσπραξία.</em></span> <span class='ocrx_word' id='word_1_202' title='bbox 1703 2255 1792 2285; x_wconf 87' lang='grc'>1240</span> 
     </span>
    </p>
   </div>
   <div class='ocr_carea' id='block_1_4' title="bbox 284 2445 1793 2863">
    <p class='ocr_par' dir='ltr' id='par_1_4' title="bbox 284 2445 1792 2704">
     <span class='ocr_line' id='line_1_31' title="bbox 380 2445 1792 2493; baseline -0.001 -11"><span class='ocrx_word' id='word_1_203' title='bbox 380 2453 467 2482; x_wconf 84' lang='grc'>1212</span> <span class='ocrx_word' id='word_1_204' title='bbox 496 2446 648 2493; x_wconf 76' lang='grc' dir='ltr'><em>δρόμον]</em></span> <span class='ocrx_word' id='word_1_205' title='bbox 676 2447 821 2489; x_wconf 72' lang='lat' dir='ltr'>Reiske,</span> <span class='ocrx_word' id='word_1_206' title='bbox 854 2447 991 2492; x_wconf 79' lang='grc' dir='ltr'><em>βρόμον</em></span> <span class='ocrx_word' id='word_1_207' title='bbox 1017 2447 1093 2481; x_wconf 79' lang='lat' dir='ltr'><em>LG</em></span> <span class='ocrx_word' id='word_1_208' title='bbox 1218 2451 1305 2480; x_wconf 80' lang='grc'>1216</span> <span class='ocrx_word' id='word_1_209' title='bbox 1333 2447 1454 2486; x_wconf 72' lang='grc' dir='ltr'><em>οὐδεὶς</em></span> <span class='ocrx_word' id='word_1_210' title='bbox 1479 2445 1620 2492; x_wconf 79' lang='grc' dir='ltr'><em>σκότος]</em></span> <span class='ocrx_word' id='word_1_211' title='bbox 1649 2446 1792 2490; x_wconf 70' lang='lat' dir='ltr'><em>Canher⁷</em></span> 
     </span>
     <span class='ocr_line' id='line_1_32' title="bbox 284 2498 1791 2546; baseline -0.001 -10"><span class='ocrx_word' id='word_1_212' title='bbox 284 2501 333 2536; x_wconf 75' lang='grc' dir='ltr'><em>ἴδ’</em></span> <span class='ocrx_word' id='word_1_213' title='bbox 365 2502 395 2535; x_wconf 80' lang='grc' dir='ltr'><em>εἰ</em></span> <span class='ocrx_word' id='word_1_214' title='bbox 422 2500 571 2540; x_wconf 80' lang='grc' dir='ltr'><em>σκότους</em></span> <span class='ocrx_word' id='word_1_215' title='bbox 597 2502 646 2543; x_wconf 76' lang='lat' dir='ltr'><em>L,</em></span> <span class='ocrx_word' id='word_1_216' title='bbox 687 2499 736 2533; x_wconf 71' lang='grc' dir='ltr'><em>ἴδ’</em></span> <span class='ocrx_word' id='word_1_217' title='bbox 768 2500 928 2539; x_wconf 69' lang='grc' dir='ltr'><em>εἰσκότος</em></span> <span class='ocrx_word' id='word_1_218' title='bbox 956 2501 998 2543; x_wconf 72' lang='lat' dir='ltr'><em>G,</em></span> <span class='ocrx_word' id='word_1_219' title='bbox 1038 2498 1088 2533; x_wconf 71' lang='grc' dir='ltr'><em>ἴδ’</em></span> <span class='ocrx_word' id='word_1_220' title='bbox 1120 2499 1170 2539; x_wconf 78' lang='grc' dir='ltr'><em>εἰς</em></span> <span class='ocrx_word' id='word_1_221' title='bbox 1200 2498 1349 2539; x_wconf 82' lang='grc' dir='ltr'><em>σκότους</em></span> <span class='ocrx_word' id='word_1_222' title='bbox 1380 2512 1402 2544; x_wconf 78' lang='lat'><em>9</em></span> <span class='ocrx_word' id='word_1_223' title='bbox 1523 2503 1611 2533; x_wconf 82' lang='grc'>1218</span> <span class='ocrx_word' id='word_1_224' title='bbox 1645 2501 1791 2546; x_wconf 83' lang='grc' dir='ltr'><em>φυγεῖν]</em></span> 
     </span>
     <span class='ocr_line' id='line_1_33' title="bbox 284 2551 1789 2599; baseline -0.001 -11"><span class='ocrx_word' id='word_1_225' title='bbox 284 2554 429 2597; x_wconf 67' lang='lat' dir='ltr'><em>Reiske·7</em></span> <span class='ocrx_word' id='word_1_226' title='bbox 458 2552 576 2598; x_wconf 81' lang='grc' dir='ltr'><em>φόνον</em></span> <span class='ocrx_word' id='word_1_227' title='bbox 603 2554 679 2587; x_wconf 81' lang='lat' dir='ltr'><em>LG</em></span> <span class='ocrx_word' id='word_1_228' title='bbox 760 2557 848 2586; x_wconf 74' lang='grc'>1219</span> <span class='ocrx_word' id='word_1_229' title='bbox 876 2552 983 2599; x_wconf 83' lang='grc' dir='ltr'><em>βάλῃ]</em></span> <span class='ocrx_word' id='word_1_230' title='bbox 1012 2552 1186 2596; x_wconf 60' lang='lat' dir='ltr'>Scaliger,</span> <span class='ocrx_word' id='word_1_231' title='bbox 1213 2553 1317 2597; x_wconf 71' lang='grc' dir='ltr'><em>βαλεῖ</em></span> <span class='ocrx_word' id='word_1_232' title='bbox 1340 2553 1417 2587; x_wconf 79' lang='lat' dir='ltr'><em>LG</em></span> <span class='ocrx_word' id='word_1_233' title='bbox 1507 2557 1592 2585; x_wconf 87' lang='grc'>1221</span> <span class='ocrx_word' id='word_1_234' title='bbox 1623 2551 1789 2598; x_wconf 76' lang='grc' dir='ltr'><em>εὐτύχησ’</em></span> 
     </span>
     <span class='ocr_line' id='line_1_34' title="bbox 284 2603 1723 2652; baseline -0.003 -10"><span class='ocrx_word' id='word_1_235' title='bbox 284 2608 361 2642; x_wconf 83' lang='lat' dir='ltr'><em>LG</em></span> <span class='ocrx_word' id='word_1_236' title='bbox 395 2608 399 2652; x_wconf 90' lang='grc' dir='ltr'>Ι</span> <span class='ocrx_word' id='word_1_237' title='bbox 433 2605 725 2650; x_wconf 76' lang='grc' dir='ltr'><em>προσφεγμάτων</em></span> <span class='ocrx_word' id='word_1_238' title='bbox 754 2606 785 2637; x_wconf 57' lang='grc' dir='ltr'><em>(ἶ</em></span> <span class='ocrx_word' id='word_1_239' title='bbox 821 2607 824 2650; x_wconf 97' lang='grc' dir='ltr'>Ι</span> <span class='ocrx_word' id='word_1_240' title='bbox 859 2606 971 2639; x_wconf 76' lang='grc' dir='ltr'><em>ἐκεῖσε</em></span> <span class='ocrx_word' id='word_1_241' title='bbox 998 2606 1049 2648; x_wconf 88' lang='lat' dir='ltr'><em>L,</em></span> <span class='ocrx_word' id='word_1_242' title='bbox 1077 2603 1183 2639; x_wconf 74' lang='grc' dir='ltr'><em>ἐκεῖσ’</em></span> <span class='ocrx_word' id='word_1_243' title='bbox 1216 2606 1226 2638; x_wconf 80' lang='lat' dir='ltr'><em>l</em></span> <span class='ocrx_word' id='word_1_244' title='bbox 1324 2609 1412 2638; x_wconf 79' lang='grc'>1224</span> <span class='ocrx_word' id='word_1_245' title='bbox 1440 2603 1662 2639; x_wconf 79' lang='grc' dir='ltr'><em>ἀπολαύνειν</em></span> <span class='ocrx_word' id='word_1_246' title='bbox 1690 2606 1723 2638; x_wconf 74' lang='lat' dir='ltr'><strong><em>G</em></strong></span> 
     </span>
     <span class='ocr_line' id='line_1_35' title="bbox 288 2657 1791 2704; baseline -0.003 -10"><span class='ocrx_word' id='word_1_247' title='bbox 288 2664 375 2694; x_wconf 78' lang='grc'>1228</span> <span class='ocrx_word' id='word_1_248' title='bbox 403 2659 446 2693; x_wconf 79' lang='grc' dir='ltr'><em>τὰ</em></span> <span class='ocrx_word' id='word_1_249' title='bbox 472 2666 544 2693; x_wconf 73' lang='grc' dir='ltr'><em>τῶν</em></span> <span class='ocrx_word' id='word_1_250' title='bbox 571 2659 686 2704; x_wconf 72' lang='grc' dir='ltr'><em>θεῶν]</em></span> <span class='ocrx_word' id='word_1_251' title='bbox 713 2657 859 2701; x_wconf 72' lang='lat' dir='ltr'>Reiske,</span> <span class='ocrx_word' id='word_1_252' title='bbox 885 2658 929 2691; x_wconf 80' lang='grc' dir='ltr'><em>τὰ</em></span> <span class='ocrx_word' id='word_1_253' title='bbox 955 2665 1026 2692; x_wconf 81' lang='grc' dir='ltr'><em>τῶν</em></span> <span class='ocrx_word' id='word_1_254' title='bbox 1052 2660 1151 2692; x_wconf 77' lang='grc' dir='ltr'><em>θεῶν</em></span> <span class='ocrx_word' id='word_1_255' title='bbox 1177 2670 1215 2702; x_wconf 76' lang='grc' dir='ltr'><em>γε</em></span> <span class='ocrx_word' id='word_1_256' title='bbox 1242 2658 1330 2700; x_wconf 75' lang='lat' dir='ltr'><em>LG,</em></span> <span class='ocrx_word' id='word_1_257' title='bbox 1356 2657 1400 2691; x_wconf 77' lang='grc' dir='ltr'><em>τὰ</em></span> <span class='ocrx_word' id='word_1_258' title='bbox 1426 2660 1526 2691; x_wconf 79' lang='grc' dir='ltr'><em>θεῶν</em></span> <span class='ocrx_word' id='word_1_259' title='bbox 1547 2669 1585 2701; x_wconf 81' lang='grc' dir='ltr'><em>γε</em></span> <span class='ocrx_word' id='word_1_260' title='bbox 1613 2657 1791 2691; x_wconf 75' lang='lat' dir='ltr'>Stiblinus</span> 
     </span>
    </p>

    <p class='ocr_par' dir='ltr' id='par_1_5' title="bbox 286 2708 1793 2863">
     <span class='ocr_line' id='line_1_36' title="bbox 334 2708 1746 2755; baseline -0.001 -9"><span class='ocrx_word' id='word_1_261' title='bbox 334 2716 515 2746; x_wconf 77' lang='grc'>1231-55</span> <span class='ocrx_word' id='word_1_262' title='bbox 543 2711 700 2745; x_wconf 75' lang='lat' dir='ltr'>lineolae</span> <span class='ocrx_word' id='word_1_263' title='bbox 727 2710 825 2744; x_wconf 73' lang='lat' dir='ltr'>solae</span> <span class='ocrx_word' id='word_1_264' title='bbox 851 2711 1033 2755; x_wconf 75' lang='lat' dir='ltr'>praefixae</span> <span class='ocrx_word' id='word_1_265' title='bbox 1059 2711 1097 2744; x_wconf 87' lang='lat' dir='ltr'><em>in</em></span> <span class='ocrx_word' id='word_1_266' title='bbox 1123 2711 1199 2745; x_wconf 77' lang='lat' dir='ltr'><em>LG</em></span> <span class='ocrx_word' id='word_1_267' title='bbox 1316 2714 1404 2743; x_wconf 79' lang='grc'>1232</span> <span class='ocrx_word' id='word_1_268' title='bbox 1432 2708 1466 2743; x_wconf 88' lang='grc' dir='ltr'><em>δ’</em></span> <span class='ocrx_word' id='word_1_269' title='bbox 1496 2709 1532 2742; x_wconf 81' lang='lat' dir='ltr'><em>in</em></span> <span class='ocrx_word' id='word_1_270' title='bbox 1559 2709 1613 2744; x_wconf 76' lang='lat' dir='ltr'><strong>lit.</strong></span> <span class='ocrx_word' id='word_1_271' title='bbox 1642 2722 1705 2744; x_wconf 78' lang='lat' dir='ltr'>scr.</span> <span class='ocrx_word' id='word_1_272' title='bbox 1735 2711 1746 2744; x_wconf 78' lang='lat' dir='ltr'><em>l</em></span> 
     </span>
     <span class='ocr_line' id='line_1_37' title="bbox 288 2760 1793 2810; baseline -0.001 -12"><span class='ocrx_word' id='word_1_273' title='bbox 288 2770 375 2799; x_wconf 82' lang='grc'>1236</span> <span class='ocrx_word' id='word_1_274' title='bbox 402 2764 481 2800; x_wconf 85' lang='grc' dir='ltr'><em>τότε</em></span> <span class='ocrx_word' id='word_1_275' title='bbox 502 2766 546 2809; x_wconf 77' lang='lat' dir='ltr'><em>L,</em></span> <span class='ocrx_word' id='word_1_276' title='bbox 573 2763 648 2799; x_wconf 76' lang='grc' dir='ltr'><em>τότ’</em></span> <span class='ocrx_word' id='word_1_277' title='bbox 672 2765 683 2797; x_wconf 76' lang='lat' dir='ltr'><em>l</em></span> <span class='ocrx_word' id='word_1_278' title='bbox 763 2767 850 2797; x_wconf 80' lang='grc'>1237</span> <span class='ocrx_word' id='word_1_279' title='bbox 873 2763 941 2808; x_wconf 72' lang='grc' dir='ltr'><em>γάρ</em></span> <span class='ocrx_word' id='word_1_280' title='bbox 963 2764 1050 2810; x_wconf 75' lang='grc' dir='ltr'><em>εἰμι]</em></span> <span class='ocrx_word' id='word_1_281' title='bbox 1071 2764 1232 2806; x_wconf 67' lang='lat' dir='ltr'>Pierson,</span> <span class='ocrx_word' id='word_1_282' title='bbox 1252 2761 1400 2807; x_wconf 79' lang='grc' dir='ltr'><em>πάρειμι</em></span> <span class='ocrx_word' id='word_1_283' title='bbox 1422 2763 1454 2795; x_wconf 90' lang='lat' dir='ltr'><strong><em>L</em></strong></span> <span class='ocrx_word' id='word_1_284' title='bbox 1469 2762 1501 2796; x_wconf 80' lang='lat' dir='ltr'><strong><em>G</em></strong></span> <span class='ocrx_word' id='word_1_285' title='bbox 1582 2766 1671 2796; x_wconf 75' lang='lat'>1239</span> <span class='ocrx_word' id='word_1_286' title='bbox 1692 2760 1793 2806; x_wconf 72' lang='grc' dir='ltr'><em>εὗρες</em></span> 
     </span>
     <span class='ocr_line' id='line_1_38' title="bbox 286 2816 891 2863; baseline -0.005 -11"><span class='ocrx_word' id='word_1_287' title='bbox 286 2819 373 2863; x_wconf 60' lang='grc' dir='ltr'><em>Ζίῖ,</em></span> <span class='ocrx_word' id='word_1_288' title='bbox 401 2816 494 2858; x_wconf 66' lang='grc' dir='ltr'><em>εἶδες</em></span> <span class='ocrx_word' id='word_1_289' title='bbox 521 2818 632 2861; x_wconf 63' lang='lat' dir='ltr'>Paloy</span> <span class='ocrx_word' id='word_1_290' title='bbox 656 2820 659 2862; x_wconf 97' lang='grc' dir='ltr'>Ι</span> <span class='ocrx_word' id='word_1_291' title='bbox 683 2816 717 2851; x_wconf 82' lang='grc' dir='ltr'><em>δ’</em></span> <span class='ocrx_word' id='word_1_292' title='bbox 749 2816 797 2850; x_wconf 66' lang='grc' dir='ltr'><em>ἔτ’</em></span> <span class='ocrx_word' id='word_1_293' title='bbox 827 2817 891 2850; x_wconf 73' lang='lat' dir='ltr'><em>Fix</em></span> 
     </span>
    </p>
   </div>
  </div>
 </body>
</html>
