1920 3235
724 160 1017 192 ΙΙΡΑΚΛΕΙΔΑΙ
1585 158 1633 196 l:'›

294 264 364 307 σοὶ
396 265 467 307 καὶ
499 268 696 316 πολίταις
728 273 781 321 γῇ
814 283 858 308 τε
890 267 993 321 τῇδε
1025 264 1096 307 καὶ
1129 272 1303 319 φυτοῖς*

290 338 430 391 μάτην
462 339 545 391 γὰρ
578 338 690 392 ἥβην
723 335 810 379 ὧδέ
838 334 878 391 γ’
915 337 968 378 ἂν
1001 335 1246 392 κεκτήμεθα

290 409 457 462 πολλὴν
490 408 536 450 ἐν
558 408 727 463 ’Ἀργει,
760 411 817 463 μή
851 420 898 450 σε
930 409 1262 462 τιμωρούμενοι.

114 481 212 519 ΛΗ.
292 481 505 533 φθείρου·
536 480 584 521 τὸ
618 481 697 521 σὸν
730 481 812 534 γὰρ
838 479 994 533 ’Ἄργος
1026 479 1078 520 οὐ
1112 477 1274 520 δέδοικ’
1313 478 1409 532 ἐγώ.

291 549 475 591 ἐνθένδε
510 549 549 591 δ’
587 551 667 592 οὐκ
699 552 872 605 ἔμελλες
904 550 1116 603 αἰσχύνας
1149 547 1220 603 ἐμὲ
1566 561 1632 589 285

293 621 412 671 ἄξειν
445 623 519 677 βία
552 620 727 662 τούσδ’·
760 621 812 662 οὐ
844 621 926 675 γὰρ
954 616 1162 675 Ἀργείων
1193 621 1323 661 πόλιν

289 691 487 745 ὑπήκοον
519 689 642 746 τήνδ’
680 688 773 733 ἀλλ’
810 690 1052 746 ἐλευθέραν
1085 692 1177 746 ἔχω.

115 811 205 850 ΧΟ.
292 810 383 863 ὥρα
414 817 643 864 προνοεῖν,
677 808 782 864 πρὶν
815 810 935 863 ὅροις
967 809 1151 851 πελάσαι

291 882 477 934 στρατὸν
505 877 732 935 Ἀργείων·

291 951 405 1005 μάλα
437 949 475 993 δ’
514 952 614 1003 ὀξὺς
636 949 768 1007 ’Ἀρης
801 951 823 993 ὁ
856 953 1156 1005 Μυκηναίων,
1566 962 1634 992 290

292 1020 361 1063 ἐπὶ
392 1030 506 1065 τοῖσι
539 1020 586 1064 δὲ
620 1024 672 1076 δὴ
706 1026 873 1076 μᾶλλον
906 1020 963 1063 ἔτ’
1001 1022 1026 1075 ἢ
1059 1024 1174 1075 πρίν.

290 1099 395 1134 πᾶσι
427 1095 509 1148 γὰρ
542 1090 670 1143 οὗτος
702 1094 856 1147 κήρυξι
887 1095 1044 1147 νόμος,

294 1163 361 1213 δὶς
392 1166 498 1206 τόσα
531 1170 731 1218 πυργοῦν
762 1171 850 1205 τῶν
881 1162 1167 1217 γιγνομένων.

291 1237 404 1276 πόσα
435 1252 508 1277 νιν
541 1234 681 1285 λέξειν
713 1237 942 1288 βασιλεῦσι
975 1235 1139 1285 δοκεῖς,

293 1305 352 1355 ὡς
384 1304 495 1348 δείν’
532 1307 698 1347 ἔπαθεν
729 1304 801 1347 καὶ
833 1306 949 1360 παρὰ
981 1306 1138 1359 μικρὸν
1567 1316 1633 1345 295

291 1377 438 1431 ψυχὴν
468 1373 608 1430 ἦλθεν
643 1377 913 1426 διακναῖσαι;

116 1503 192 1542 ΙΟ.
293 1500 373 1542 οὐκ
405 1503 494 1542 ἔστι
525 1501 655 1542 τοῦδε
687 1499 812 1542 παισὶ
843 1501 1024 1541 κάλλιον
1055 1499 1185 1553 γέρας

291 1571 317 1626 ἢ
349 1572 510 1624 πατρὸς
543 1571 708 1612 ἐσθλοῦ
740 1570 942 1624 κάγαθοῦ
974 1569 1215 1623 πεφυκέναι

291 1642 443 1696 γάμων
474 1639 511 1682 τ’
548 1640 620 1683 ἀπ’
658 1641 848 1683 ἐσθλῶν·
883 1641 930 1690 ὃς
963 1640 1010 1682 δὲ
1042 1639 1241 1694 νικηθεὶς
1271 1642 1399 1697 πόθῳ

293 1719 444 1762 κακαῖς
476 1712 787 1766 ἐκοινώνησεν,
823 1712 902 1753 οὐκ
935 1711 1168 1764 ἐπαινέσω,
1567 1722 1634 1750 :300

292 1782 460 1832 τέκνοις
491 1784 663 1832 ὄνειδος
695 1780 822 1837 εἵνεχ’
858 1782 1022 1837 ἡδονῆς
1054 1785 1208 1824 λιπεῖν.

295 1855 342 1896 τὸ
377 1851 587 1908 δυστυχὲς
618 1854 700 1908 γὰρ
732 1849 921 1907 ηὑγένει’
958 1852 1167 1907 ἀμύνεται

293 1931 368 1978 τῆς
400 1925 656 1978 δυσγενείας
688 1928 872 1978 μᾶλλον·
905 1924 1028 1978 ἡμεῖς
1059 1925 1141 1979 γὰρ
1174 1931 1319 1965 κακῶν

293 1995 335 2044 ἐς
366 1995 608 2050 τοῦσχατον
639 1997 844 2044 πεσόντες
874 1995 1068 2048 ηὕρομεν
1100 1996 1258 2046 φίλους

292 2064 363 2106 καὶ
395 2065 617 2119 ξυγγενεῖς
648 2063 816 2117 τούσδ’,
850 2067 894 2107 οἳ
922 2060 1101 2118 τοσῆσδ’
1137 2063 1397 2118 οἰκουμένης
1565 2076 1632 2105 :305

287 2134 544 2190 Ἑλληνίδος
574 2143 653 2190 γῆς
683 2137 823 2177 τῶνδε
856 2136 1136 2189 προύστησαν
1170 2137 1310 2189 μόνοι.

296 2203 404 2259 δότ’,
437 2203 470 2247 ὦ
501 2205 634 2257 τέκν’,
668 2206 817 2255 αὐτοῖς
848 2213 969 2260 χεῖρα
1004 2206 1170 2258 δεξιάν,
1205 2206 1303 2247 δότε

294 2276 418 2330 ὑμεῖς
448 2292 493 2318 τε
525 2279 667 2330 παισί,
699 2275 771 2318 καὶ
802 2275 933 2326 πέλας
964 2275 1242 2331 προσέλθετε.

214 2407 280 2437 282
307 2402 417 2449 ἥβην]
444 2402 552 2449 ὕβριν
579 2405 637 2448 ΡΙ
660 2403 885 2449 κεκτήμεθα]
914 2404 1071 2446 Brunek,
1098 2403 1314 2447 κεκτώμεθα
1340 2403 1418 2437 LP
1483 2407 1549 2437 285
1576 2403 1633 2437 ἐν·

117 2455 225 2491 θένδ’
257 2457 323 2491 οὐκ
356 2458 391 2490 Ρ
427 2459 463 2491 et
499 2458 589 2492 mut.
623 2456 661 2490 in
697 2454 849 2491 ἐνθένδε
884 2454 919 2490 δ’
950 2457 1017 2491 οὐκ
1050 2456 1083 2490 L
1204 2459 1270 2490 286
1303 2454 1426 2502 πόλιν]
1460 2456 1633 2500 ΕΙωεΙΘῩ,

118 2507 221 2543 πόλει
246 2510 325 2544 LP
419 2513 485 2542 293
512 2507 715 2554 γινομένων
742 2509 819 2543 LP
907 2513 975 2543 294
1002 2509 1204 2555 βασιλεύσει
1233 2509 1268 2542 Ρ
1351 2512 1417 2542 295
1434 2521 1486 2552 sq.
1514 2508 1633 2543 ἔπαθε

120 2563 156 2596 et
188 2558 278 2606 ἦλθε
311 2562 402 2605 LP,
442 2576 462 2596 ν
499 2562 582 2596 add.
619 2562 630 2595 l
751 2565 817 2595 297
844 2563 948 2596 παισὶ
979 2564 1087 2597 τοῦδε
1121 2561 1222 2596 Stob.
1250 2561 1282 2596 fi.
1312 2566 1372 2605 79,
1394 2566 1413 2595 3
1447 2563 1483 2595 et
1511 2561 1632 2596 Orion.

118 2613 204 2649 Eur.
233 2619 252 2649 9
284 2627 318 2659 p.
340 2619 402 2658 56,
439 2616 548 2649 τοῦδε
586 2615 690 2648 παισὶ
729 2626 812 2647 cum
844 2615 922 2648 LP
957 2615 1057 2650 Stob.
1086 2619 1147 2658 88,
1175 2619 1193 2648 7
1317 2618 1499 2648 299—-301
1535 2614 1634 2648 delet

118 2668 149 2702 J.
175 2667 330 2711 Niejahr
415 2671 481 2701 299
510 2666 650 2712 γάμων]
678 2667 883 2711 Musgrave,
910 2674 1038 2712 γαμεῖν
1065 2668 1143 2703 LP
1223 2671 1290 2701 300
1317 2668 1464 2713 κακαῖς]
1492 2666 1633 2711 scripsi,

120 2726 248 2760 κακοῖς
273 2721 351 2754 LP
421 2724 486 2754 301
516 2718 635 2764 οὕνεχ’
667 2720 744 2754 LP
815 2723 881 2753 302
908 2719 1070 2766 ηὑγένει’
1098 2721 1148 2764 L,
1176 2720 1240 2754 sed
1268 2734 1287 2754 υ
1315 2720 1353 2753 in
1378 2731 1448 2754 ras.
1477 2720 1633 2753 duarum

120 2772 310 2807 literarum
337 2785 402 2807 scr.
432 2774 443 2807 Ι
564 2777 630 2806 304
658 2772 708 2812 εἷς
734 2773 785 2816 L⁷
813 2773 844 2807 εἰ
870 2774 906 2806 P
931 2775 934 2818 l
965 2772 1116 2818 εὕρομεν
1143 2774 1221 2808 LP
1340 2776 1406 2806 305
1434 2773 1632 2819 ξυγγενεῖς]

119 2825 201 2860 forb
230 2826 439 2871 ξυμμάχους
461 2828 464 2871 Ι
489 2826 523 2860 οἳ
549 2827 599 2869 L,
628 2823 647 2869 ἢ
675 2826 711 2858 P
811 2830 877 2859 307
905 2825 988 2861 δότε
1014 2822 1041 2861 ὦ
1068 2828 1119 2871 L,
1147 2824 1224 2860 δότ’
1256 2822 1282 2860 ὦ
1310 2826 1321 2859 Ζ
1418 2829 1484 2860 308
1511 2824 1631 2871 παισί]

119 2878 201 2912 fort.
229 2880 349 2913 τοῖσδε
