1967 3147
261 125 317 166 44
902 125 1140 158 APPENDIX

263 235 329 265 164
344 242 395 274 sq.
424 229 524 270 τίνος
546 260 552 265 .
576 258 582 264 .
604 225 624 274 ἧ
653 229 752 264 delet
771 228 915 272 Nauck,
940 229 1041 271 item,
1070 228 1232 262 scribens
1255 227 1367 262 καλὸν
1387 225 1505 272 λόγον,
1532 226 1727 260 Gitlbauer

263 287 340 327 167,
369 287 433 317 169
450 295 500 327 sq.
529 282 629 317 delet
655 282 849 316 Gitlbauer
875 283 956 326 (167
984 281 1133 315 delebat
1159 280 1247 315 olim
1271 279 1444 325 Lenting)
1537 283 1602 313 168
1628 277 1773 313 παίδων

260 335 291 370 τ’
323 334 436 381 ἀγῶν’
467 336 518 375 εἰς
556 335 687 370 ἄδικον
720 334 856 380 ἐμβήσῃ
890 335 928 368 F.
956 333 1022 368 Gu.
1051 333 1218 368 Schmidt
1252 334 1255 378 1
1291 332 1456 378 ἐμβήσεις
1493 331 1592 366 πόδα
1626 331 1772 374 Reiske,

262 386 408 434 ἐμβήσει
441 387 530 422 ποδί
562 387 768 431 Kirchhoff,
800 387 883 421 fort.
918 386 1114 431 ἐμφρήσεις
1144 384 1242 420 πόδα
1365 389 1429 419 169
1457 385 1534 419 ἐπεὶ
1558 385 1599 419 τὸ
1625 386 1772 431 λῷστον,

262 439 378 475 ἐλπίδ’
410 441 572 485 εὑρήσεις
597 439 711 485 μόνον
737 440 877 483 Heath‚
906 439 998 482 ἐρεῖς
1023 439 1062 474 τὸ
1090 437 1217 483 μέλλον
1235 460 1269 463 -
1286 437 1459 472 ἐλπίδ’-
1475 437 1639 481 εὑρήσειν
1665 436 1773 482 χάριν

260 493 545 537 Ramhenstein,
573 491 651 538 ῥ’έπ’
681 494 732 533 εἰς
757 494 796 528 τὸ
823 495 974 539 λῷστον·
1003 491 1121 526 ἐλπίδ’
1150 491 1311 534 εὑρήσεις
1337 489 1450 535 μόνον
1476 489 1636 534 Madvig,
1664 489 1772 532 ἐρεῖς

259 547 301 581 τὸ
339 549 492 592 λῷστον,
533 545 666 590 ἐλπίδ’,
706 545 847 590 εὑρήσει
886 543 990 585 πόλις
1021 544 1217 590 (1011111612,
1257 543 1335 578 ἐπεὶ
1372 543 1411 578 τὸ
1449 545 1601 589 λῷστον,
1641 540 1773 585 ἐλπίδ’,

261 599 424 643 εὑρήσεις
461 597 575 643 μόνον
606 599 848 642 Herwerden,
889 598 982 641 ἐρεῖς
1018 598 1058 632 τὸ
1095 597 1225 632 λοιπὸν
1263 594 1380 631 ἐλπίδ’
1417 593 1456 630 εὖ
1493 595 1625 639 θήσειν
1656 594 1774 629 πόνον

259 652 375 695 Weil,
408 651 501 695 ἐρεῖς
526 650 627 686 πόλει
653 651 741 686 ποτε
769 651 875 696 χάριν
903 649 1056 685 ἐκτίσειν
1083 648 1209 684 στόλον
1235 650 1272 684 F.
1295 648 1362 684 Gu.
1385 648 1567 691 Schmidt,
1599 647 1705 691 ἐρεῖς·
1732 648 1772 682 τὸ

260 707 411 750 λῷστον,
451 702 568 739 ἐλπίδ’
608 702 646 739 εὖ
684 704 855 748 πράξειν,
895 702 1016 747 μένειν
1048 703 1205 738 Holzner
1240 703 1243 747 Ι
1277 701 1316 736 τὸ
1355 703 1507 735 λοῖσθον
1544 700 1738 745 Musgrave
1768 701 1771 746 Ι

261 756 378 792 ἐλπίδ’
409 755 448 792 εὖ
480 756 632 801 πράξειν
665 757 735 801 (vel
768 755 806 792 εὗ
840 757 1003 801 δράσειν)
1030 756 1163 790 Reiske
1199 758 1202 800 Ι
1238 755 1336 794 ἐλπὶς
1361 754 1504 788 Dobree
1531 755 1626 798 (spes
1653 754 1708 787 est
1733 755 1775 787 ut

262 813 414 845 eventus
440 811 584 845 faustus
613 810 673 855 sit)
696 813 700 855 Ι
724 809 889 853 εὑρήσειν
915 808 1023 854 χάριν
1048 809 1238 852 Hartung,
1269 807 1456 851 αἱρεῖσθαι
1483 804 1597 850 μόνον
1621 805 1773 850 Kayser,

262 863 428 907 εὑρήσειν
454 862 570 898 πόνον
598 863 664 897 Gu.
686 862 885 897 Hoffmann

357 920 421 950 171
455 918 573 955 καλῶς
604 916 791 949 Hermann
823 917 953 959 (καλῶς
985 913 1020 959 γ’
1050 913 1097 949 ἂν
1128 914 1255 957 Paley)
1377 915 1535 946 171-77
1562 914 1679 951 καλῶς
1704 911 1773 956 γὰρ

255 967 467 1014 Ἀργείοισιν
506 966 577 1002 οἵδ’
609 966 846 1011 ὡπλισμένοις
878 966 1043 1012 μάχοιντ’
1084 965 1129 1001 ἂν
1165 966 1381 1012 ἡβήσαντες
1422 962 1498 998 ἀλλ’
1529 964 1607 1008 ἐμοὶ
1639 967 1772 998 πιθοῦ·

261 1027 390 1066 κτῆσαι
422 1020 606 1063 Μυκήνας
637 1018 722 1065 μηδ’
754 1018 953 1063 ἀμείνονας
978 1020 1114 1063 παρὸν,
1150 1018 1279 1053 ceteris
1306 1017 1455 1060 deletis,
1488 1016 1681 1051 Gitlbauer

263 1078 328 1108 172
356 1073 456 1117 εἴπερ
488 1079 594 1108 τοῦτο
630 1074 784 1117 Barnes,
823 1073 856 1107 εἰ
888 1072 933 1117 δὴ
965 1078 1071 1107 τοῦτο
1105 1072 1299 1117 Musgrave
1334 1072 1338 1116 Ι
1372 1068 1479 1104 τοῦτό
1512 1081 1568 1104 σοι
1593 1069 1727 1104 Reiske

263 1131 328 1160 174
361 1128 617 1171 διεργασθεῖεν
648 1126 819 1170 Hartung
941 1129 1006 1159 176
1040 1127 1186 1169 φιλοῦσι
1219 1123 1378 1158 Schenkl
1502 1126 1567 1157 176
1583 1134 1634 1167 sq.
1661 1123 1775 1157 verba

262 1179 349 1223 ὅπερ
378 1209 382 1214 .
414 1209 419 1214 .
447 1180 532 1219 τοὺς
571 1181 741 1224 suspecta
777 1179 892 1213 habet
923 1178 963 1212 R„
986 1177 1091 1212 Prinz
1209 1180 1273 1211 177
1306 1177 1429 1223 τοῦτο]
1469 1174 1558 1220 μηδὲ
1595 1175 1728 1209 Nauck

263 1236 329 1267 178
355 1233 476 1278 λαβών
503 1232 637 1266 Reiske

357 1289 423 1320 180
450 1284 594 1330 ἐκμάθῃ
622 1287 745 1329 μῦθον
773 1291 898 1328 σαφῶς
924 1283 1117 1318 Gitlbauer
1139 1285 1143 1328 l
1167 1288 1265 1328 σαφῆ
1292 1275 1429 1316 Aldina
1527 1285 1592 1316 181
1619 1280 1775 1326 ὑπάρχει

262 1337 327 1382 μὲν
352 1337 451 1384 τόδ’]
479 1339 521 1372 σὺ
547 1337 616 1383 γὰρ
645 1335 865 1381 ἀδείμαντος
889 1337 932 1371 Η.
959 1336 1082 1370 Hirzel
1117 1338 1120 1380 1
1157 1335 1312 1380 ὑπάρχει
1339 1334 1406 1380 γὰρ
1432 1333 1680 1368 Wilamowitz

264 1395 328 1425 182
363 1392 480 1426 εἰπεῖν
519 1388 716 1425 ἀκούσαντ’
754 1389 793 1424 ἐν
825 1391 875 1434 (et
909 1393 972 1423 181
1007 1388 1162 1434 ὑπάρχει
1197 1388 1280 1434 γὰρ)
1312 1387 1444 1422 Vitelli
1479 1389 1482 1433 Ι
1516 1386 1667 1430 πάρεστί
1705 1400 1774 1430 μου

262 1444 415 1487 Reiske,
453 1442 634 1490 παρεστίῳ
659 1443 717 1477 W.
744 1442 897 1487 Helbig,
935 1442 1053 1486 πάρος
1079 1440 1186 1486 δίκην
1212 1439 1503 1484 Rauehenstein,
1542 1438 1686 1483 τάρέστ’
1717 1438 1774 1474 ἀεί

261 1498 299 1531 F.
322 1496 390 1532 Gru.
413 1496 596 1539 Schmidt⁷
629 1494 815 1543 παρρησία
842 1496 881 1530 B.
908 1495 1076 1529 Romahn
1200 1498 1263 1528 182
1280 1506 1350 1538 sq.‚
1379 1496 1462 1536 186,
1491 1497 1574 1535 198,
1602 1496 1773 1536 202-13,

262 1553 442 1593 219-26,
479 1554 563 1593 226,
603 1553 668 1583 233
685 1561 759 1592 sq.⁷
799 1552 882 1592 237,
923 1552 1006 1591 239,
1046 1551 1224 1590 242-46,
1258 1550 1409 1590 255sq.‚
1443 1549 1595 1589 264sq.,
1628 1549 1774 1588 2ssssq.‚

263 1606 440 1646 271-73,
480 1606 546 1636 278
563 1614 614 1646 sq.
655 1601 754 1636 delet
791 1600 986 1635 Gitlbauer
1025 1602 1029 1646 Ι
1071 1599 1180 1644 μέρει.
1218 1599 1340 1643 παρὸν
1378 1597 1418 1633 δέ
1455 1611 1510 1632 τοι
1549 1596 1670 1637 οὐδείς
1704 1597 1773 1632 κτὲ.

263 1655 423 1689 Schenkl
546 1658 611 1689 183
639 1654 770 1688 ἄλλοθι
798 1654 960 1698 Elmsley
1084 1657 1147 1687 187
1165 1665 1216 1696 sq.
1243 1649 1478 1696 Μυκηναίοις
1507 1650 1590 1695 ἄγοι
1616 1649 1775 1690 διδόντας

263 1708 528 1742 Stadtmueller
649 1711 713 1740 188
746 1705 825 1752 τῇδ’
858 1706 966 1745 ὄντας
992 1706 1139 1749 Nauck,
1173 1703 1219 1739 ’ἐτ’
1253 1704 1362 1744 ὄντας
1386 1703 1677 1747 Rauchensteiu,
1713 1701 1769 1737 ὅδ’

263 1761 374 1796 ἔνθεν
399 1760 469 1804 (vel
497 1760 611 1804 ἐκτὸς)
638 1759 674 1794 C.
695 1759 837 1793 Busche
861 1760 864 1804 Ι
888 1758 1049 1802 ἀπήλασε
1075 1758 1212 1792 Aldina

358 1823 423 1853 195
456 1817 577 1864 λόγοις
613 1818 748 1853 Reiske
869 1821 932 1851 197
972 1815 1162 1861 κραίνουσι
1201 1817 1355 1859 Barnes‚
1395 1821 1560 1859 κρινοῦσι
1597 1815 1720 1848 Heath

268 1876 451 1907 199ψ204
478 1872 578 1906 delet
602 1871 858 1916 Klinkenberg

357 1932 452 1965 Ante
479 1935 547 1965 200
578 1931 751 1965 lacunam
783 1930 884 1973 (πρὶν
915 1928 936 1973 1ἦ
962 1932 1151 1974 ,Μυκηνῶν
1184 1929 1352 1963 εἰκαθεῖν
1386 1928 1613 1971 κελεύμασιν)
1641 1927 1774 1961 statuit

262 1984 510 2018 Wilamowitz
625 1988 693 2017 200
720 1983 762 2017 οὗ
789 1982 857 2027 γὰρ
884 1982 1036 2027 αἰσχύνη
1063 1982 1234 2026 Hartung
1352 1985 1418 2015 202
1445 1979 1546 2014 πόλει
1571 1979 1772 2024 Kirchhoff⁷

265 2035 388 2082 ὀλίγον
414 2037 539 2071 Naber
636 2039 702 2070 208
729 2034 848 2079 πατὴρ
876 2034 915 2069 δὲ
941 2036 1048 2079 τῆσδε
1074 2034 1236 2078 Elmsley

358 2099 424 2129 212
452 2093 633 2139 ἐξανεψίω
660 2093 791 2128 Nauck
903 2097 968 2127 213
996 2091 1100 2138 γένος
1124 2093 1278 2127 Dobree.
1329 2092 1484 2126 Versum
1511 2091 1600 2126 olim
1625 2090 1774 2126 delebat

265 2148 350 2182 Oeri
460 2152 525 2181 215
553 2146 678 2192 παισί]
705 2148 825 2180 τοῖσδε
851 2146 1012 2189 Elmsley
1117 2150 1182 2180 215
1199 2157 1250 2190 sq.
1277 2145 1391 2180 verba
1417 2145 1520 2179 παισὶ
1542 2173 1548 2179 .
1571 2172 1577 2178 .
1599 2143 1773 2189 γενέσθαι

264 2201 364 2235 (161613
391 2200 585 2235 Gitlbauer
658 2203 817 2233 217-25
846 2199 892 2232 ad
918 2199 1089 2232 lacunam
1114 2197 1386 2233 resarciendam
1412 2197 1528 2232 factos
1555 2196 1642 2231 olim
1666 2199 1773 2241 puta—

263 2254 330 2287 bat
354 2253 496 2288 Nauck.
548 2253 636 2286 Post
662 2256 726 2285 217
756 2251 898 2294 aliquid
925 2251 1050 2285 deesse
1075 2253 1184 2296 putat
1209 2251 1352 2285 Dobree

359 2316 426 2346 220
453 2311 552 2346 (161613
577 2310 690 2355 Paley
812 2314 877 2344 223
906 2310 943 2345 ἔν
975 2323 1011 2345 τε
1045 2316 1086 2355 σῇ
1113 2308 1215 2344 πόλει
1241 2307 1357 2344 κακόν
1383 2308 1563 2353 Elmsley‚
1595 2309 1657 2342 καὶ
1683 2308 1774 2352 πρὸς

265 2366 304 2400 ἐν
335 2364 434 2399 πόλει
469 2362 585 2399 κακόν
612 2363 821 2406 Blomfield⁷
855 2363 952 2408 χᾶμα
985 2369 1027 2408 τῇ
1054 2362 1156 2397 πόλει
1184 2361 1297 2396 κακόν
1324 2373 1543 2406 anonymus,
1576 2359 1700 2406 χωρίς,
1733 2360 1772 2395 ἐν

265 2418 304 2452 δὲ
331 2419 395 2452 καὶ
421 2416 519 2451 πόλει
549 2416 749 2460 Matthiae,
787 2418 896 2461 χωρὶς
924 2415 942 2459 ἲ)
971 2416 1039 2460 (vel
1066 2415 1087 2459 ὃ]
1110 2414 1160 2460 ’ν)
1185 2414 1288 2449 πόλει
1314 2413 1429 2449 κακόν
1454 2413 1630 2458 Lenting,
1664 2414 1773 2458 χωρὶς

266 2471 304 2505 ἐν
330 2469 432 2504 πόλει
459 2468 576 2504 κακόν
600 2468 744 2513 Reisig,
773 2467 896 2513 χωρίς,
924 2469 955 2502 εἰ
981 2467 1081 2502 πόλειΥ
1107 2467 1223 2503 κακόν
1250 2467 1419 2512 Camper,
1451 2467 1559 2511 χωρὶς
1585 2466 1622 2500 ἔν
1646 2478 1684 2500 τε
1710 2467 1771 2500 καὶ

265 2523 366 2558 πόλει
386 2523 415 2557 J.
438 2522 600 2565 Petzold,
628 2522 736 2566 χωρὶς
763 2521 812 2555 ἔτι
839 2520 937 2555 πόλει
968 2520 1083 2555 κακόν
1103 2521 1140 2555 F.
1162 2522 1202 2555 A.
1225 2520 1415 2563 Gotthold,
1441 2520 1549 2564 χωρὶς
1574 2518 1649 2562 ἅμα
1673 2531 1709 2552 τε
1728 2524 1771 2564 τῇ

265 2575 368 2611 πόλει
388 2576 569 2619 Hal-tung‚
595 2575 666 2608 κάν
689 2572 791 2608 πόλει
812 2575 920 2618 χωρὶς
940 2573 1055 2608 κακόν
1082 2573 1287 2616 Kn'chhoff,
1319 2573 1426 2617 χωρὶς
1457 2569 1503 2606 αὖ
1529 2570 1630 2605 πόλει
1656 2570 1772 2606 κακόν

266 2628 551 2671 Rauchenstein,
578 2625 729 2672 αἰσχρόν
756 2626 824 2660 ἐστι
854 2627 911 2660 καὶ
941 2625 1044 2660 πόλει
1070 2626 1296 2669 Heimsoeth‚
1322 2631 1385 2659 τοῦ
1412 2624 1483 2668 (vel
1508 2629 1571 2658 τοῦ
1593 2622 1643 2668 ’ν)
1670 2622 1771 2658 πόλει

267 2683 374 2726 χωρὶς
400 2687 515 2715 κακοῦ
538 2680 663 2724 Paley‚
690 2680 798 2724 χωρὶς
822 2678 886 2722 ὴὸέ
912 2685 954 2724 τῇ
982 2678 1081 2713 πόλει,
1109 2678 1195 2713 011111
1222 2678 1458 2712 coniciebam.
1498 2676 1652 2710 Versum
1673 2676 1772 2710 delet

267 2735 406 2778 Kayser
473 2734 561 2767 Post
587 2736 653 2766 223
680 2732 852 2766 lacunam
878 2731 1011 2765 statuit
1037 2731 1196 2765 Schenkl
1264 2734 1330 2764 226
1358 2729 1450 2764 κατὰ
1483 2733 1624 2772 στεφῶν
1649 2729 1772 2763 Mark-

266 2787 355 2819 land
418 2790 481 2819 227
512 2786 610 2820 delet
634 2785 773 2819 Usener
836 2788 901 2818 228
929 2785 1053 2829 λαβεῖν
1078 2783 1241 2827 Elmsley
1303 2787 1369 2816 229
1396 2781 1435 2816 δὲ
1461 2780 1591 2815 τοισίδ’
1622 2781 1772 2825 εὐμενής

267 2838 368 2883 (olim
384 2839 493 2884 γεγὼς
508 2837 546 2872 δὲ
562 2839 681 2872 τοῖσδε
697 2836 930 2882 συγγενήςᾘῗ.
941 2836 1006 2871 Gu.
1018 2836 1183 2871 Schmidt
1233 2839 1391 2869 229--31
1408 2834 1507 2869 delet
1517 2833 1772 2879 Klinkenberg
